4359 5150
607 466 673 530 sis
925 466 1165 550 numourn
1188 465 1360 532 sucum.

606 634 962 740 παραφυλάσσοντες
992 636 1128 737 νύκτωρ
1155 640 1213 715 καὶ
1236 637 1449 739 μεθημέραν,
1478 635 1530 736 μὴ
1559 642 1709 741 κηδευθῇ

606 802 661 852 τις
686 771 745 873 ὑφ’
765 770 875 868 ἡμῶν.
906 773 966 848 καὶ
982 768 1064 849 τότε
1087 770 1132 870 δὴ
1150 772 1340 874 προθέντες
1362 770 1446 851 τότε
1468 779 1541 851 τῶν
1566 774 1705 874 θηρίων,

606 904 690 983 τᾶτε
716 911 780 982 τοῦ
807 901 918 1005 πυρὸς
946 906 1114 1011 λείψανα,
1132 909 1185 1004 πῆ
1212 904 1278 1004 μὲν
1304 906 1572 1008 ἐσπαραγμίνα,
1589 910 1642 1005 πῆ
1670 905 1706 985 δὲ

607 1037 871 1140 ἠνθρακωμένα,
901 1041 959 1117 καὶ
987 1045 1060 1118 τῶν
1087 1044 1226 1117 λοιπῶν
1252 1036 1317 1123 τὰς
1346 1037 1509 1145 κεφαλὰς
1532 1038 1604 1119 σύν
1635 1047 1706 1124 τοῖς

606 1172 862 1272 ἀποτμήμασιν
893 1174 1009 1252 αὐτῶν
1036 1174 1209 1259 ὡσαύτως
1237 1172 1397 1280 ἀτάφους
1427 1173 1727 1280 παρεφύλαττονς

606 1307 697 1407 μετὰ
719 1313 977 1411 στρατιωτικῆς
1004 1310 1204 1407 ἐπιμελείαις
1231 1308 1375 1411 ἡμέραις
1399 1317 1562 1413 ωιχναῖς.
1592 1315 1652 1389 καὶ
1674 1317 1705 1389 οἱ

604 1443 670 1542 μὲν
697 1446 934 1544 ἐνεβριμῶντο
961 1447 1019 1522 καὶ
1046 1443 1201 1546 ἔβρυχον
1224 1441 1307 1525 τοὺς
1332 1443 1480 1526 ὀδόντας
1502 1446 1556 1523 ἐπ’
1576 1445 1703 1540 αὐτοῖς,

605 1578 788 1681 ζητοῦντες
807 1575 886 1655 τινὰ
906 1577 1169 1680 περισσοτεραν
1187 1579 1366 1676 ἐκδίκησιν
1390 1579 1474 1680 παρ’
1496 1577 1615 1655 αὐτῶν
1633 1587 1699 1656 λα·

502 1763 505 1766 -
605 1719 692 1805 βεῖν·
720 1716 752 1789 οἱ
771 1708 809 1791 δὲ
827 1711 1000 1812 ε’νεγέλων
1023 1714 1080 1789 καὶ
1104 1710 1334 1813 ε’πετώθαζον,
1353 1711 1614 1813 μεγαλύνοντες
1633 1708 1703 1809 ἅμα

604 1843 651 1924 τὰ
675 1845 807 1924 εἴδωλα
830 1846 961 1942 αὐτῶν,
984 1848 1041 1923 καὶ
1062 1847 1204 1930 ἐκείνοις
1227 1845 1499 1948 προσάπτοντες
1527 1844 1593 1944 τὴν
1619 1845 1699 1927 τού·
1714 1876 1742 1915 10

604 2014 676 2061 των
694 1982 875 2083 τιμωρίαν.
905 1984 937 2059 oi
957 1978 996 2060 δὲ
1014 1983 1262 2084 ἐπιεικεοτεροι
1281 1984 1339 2060 καὶ
1357 1979 1448 2060 κατὰ
1469 1980 1590 2061 ποσὸν
1611 2015 1702 2080 συμ-

603 2122 731 2196 παθεῖν
749 2121 942 2210 δοκοῦντες,
962 2115 1136 2218 ὠνείδιζον
1157 2114 1255 2195 πολὺ
1278 2115 1453 2216 λέγοντες·
1482 2124 1553 2195 ποῦ
1573 2117 1593 2193 ὁ
1613 2115 1702 2198 Θεὸς

604 2252 732 2347 αὐτῶν,
752 2253 810 2329 καὶ
828 2250 867 2328 τί
882 2248 1009 2333 αὐτοὺς
1028 2247 1204 2350 ὤνησενή
1223 2253 1406 2354 θρησκεία,
1420 2249 1465 2349 ἦν
1484 2253 1543 2329 καὶ
1555 2250 1702 2354 πρὸτῆς

1073 2384 1446 2423 ‘sutem'
1631 2385 1641 2413 Ι

604 2389 738 2466 ἑαυτῶν
756 2386 894 2464 εἵλοντο
912 2390 1035 2491 ψυχῆς
1051 2419 1061 2482 ;
1088 2420 1147 2464 και
1160 2419 1206 2464 τα
1218 2420 1284 2483 μεν
1297 2420 1350 2465 απ
1375 2419 1523 2482 εκεινων,
1538 2418 1703 2485 τοιαύτην

603 2515 675 2626 εἶχε
698 2519 765 2620 τὴν
789 2520 981 2601 ποικιλίαν.
1010 2518 1113 2600 τὰδὲ
1138 2522 1215 2600 καθ
1237 2520 1329 2620 ἡμᾶς
1345 2521 1383 2599 ἐν
1407 2517 1557 2627 μεγάλη)
1583 2527 1697 2601 καθει·
1712 2555 1719 2594 ι
1726 2553 1739 2612 5

605 2657 728 2757 στήκει
747 2658 876 2752 πένθει,
891 2658 950 2735 διὰ
963 2656 1005 2734 τὸ
1019 2655 1069 2755 μὴ
1084 2655 1260 2736 δύνασθαι
1278 2656 1324 2735 τὰ
1338 2655 1492 2751 σώματα
1506 2656 1644 2761 κρύψαι
1658 2693 1699 2762 τῃ

603 2800 665 2897 γῇ.
700 2796 778 2871 οὔτε
802 2792 873 2894 γὰρ
899 2791 967 2897 νύξ
989 2791 1237 2886 συνεβάλλετο
1262 2793 1345 2889 ἡμῖν
1369 2790 1458 2893 πρὸς
1483 2799 1598 2887 τοῦτο,
1625 2797 1700 2871 οὔτε

603 3091 682 3147 licite
711 3091 896 3147 observantes
925 3102 1012 3147 noctu
1038 3102 1126 3165 atque
1177 3092 1256 3147 ribus
1278 3101 1407 3167 sumptas
1429 3090 1470 3147 eis
1495 3089 1696 3147 adscribentes.

603 3171 740 3236 interdiu,
763 3192 799 3227 ue
823 3171 887 3245 quis
910 3182 1072 3226 nostrorum
1093 3192 1126 3227 eu
1177 3171 1322 3227 Nonnulli
1363 3169 1450 3246 poulo
1486 3171 1637 3244 aequioreS‚
1672 3181 1698 3227 et

603 3250 759 3327 sepulturae
774 3251 932 3307 mandaret.
980 3250 1050 3307 Post
1066 3252 1126 3307 haee
1177 3252 1225 3326 qui
1247 3252 1336 3307 vicem
1361 3260 1486 3305 nostram
1510 3249 1608 3306 dolere
1630 3271 1697 3326 quo·
1709 3277 1738 3314 20

603 3330 738 3406 quicquid
769 3341 819 3386 aut
845 3352 861 3386 u
886 3332 994 3395 bestiis
1017 3342 1066 3386 aut
1090 3332 1126 3386 ab
1177 3329 1330 3386 dammodo
1368 3330 1550 3395 videbantur,
1598 3351 1697 3407 expro-

602 3412 668 3487 igne
701 3411 843 3485 reliquum
877 3410 982 3469 fuerat.
1021 3412 1124 3487 partim
1177 3411 1297 3467 brabant
1327 3409 1485 3466 identidem
1514 3411 1575 3467 huc
1604 3410 1697 3467 dieen-

602 3491 717 3554 lonintn,
745 3493 846 3564 partim
877 3491 1007 3546 ambusto
1036 3511 1125 3546 mem..
1177 3503 1237 3546 tes:
1269 3491 1316 3546 ubi
1341 3501 1384 3547 est
1410 3489 1492 3546 Deus
1518 3495 1642 3546 eorum?
1672 3503 1697 3547 et

602 3571 653 3626 bra
694 3581 894 3647 exponentes:
949 3571 1124 3645 reliquorum
1178 3570 1247 3645 quid
1277 3570 1334 3625 illis
1363 3570 1473 3645 profuit
1502 3571 1562 3627 luuc
1590 3571 1697 3646 religio,

602 3649 727 3724 denique
743 3651 837 3727 capita
857 3672 922 3706 cum
939 3651 1008 3727 ipsis
1023 3671 1123 3723 corpo·
1177 3651 1223 3707 cui
1250 3651 1337 3706 vitam
1366 3669 1480 3725 quoque
1510 3670 1590 3706 suam
1621 3661 1735 3727 post-25

602 3750 665 3786 rum
691 3732 800 3786 truncis
825 3730 957 3786 similiter
981 3730 1126 3806 insepulta
1177 3734 1358 3807 posueruut?
1382 3729 1427 3784 Ac
1451 3729 1612 3786 Gentilium
1637 3731 1697 3804 qui.

602 3830 653 3886 per
676 3810 814 3886 plurimos
836 3810 898 3866 dies
919 3810 1025 3865 additis
1051 3810 1126 3865 mili.
1177 3810 1240 3866 deur
1258 3811 1410 3865 insectatio
1428 3808 1513 3865 talem
1535 3810 1637 3867 habuit
1653 3831 1698 3866 va-

601 3899 664 3945 tum
680 3890 806 3946 excubiis
826 3890 1037 3946 custodierunt.
1084 3890 1125 3945 Et
1177 3891 1319 3946 rietatem.
1354 3890 1418 3944 Nos
1441 3908 1510 3944 vero
1531 3890 1698 3965 gravissimo

602 3968 650 4024 alii
666 3969 781 4044 quidem
798 3970 992 4026 infremebant
1007 3991 1039 4025 ac
1054 3970 1124 4026 deu·
1177 3969 1292 4026 interim
1343 3969 1441 4025 dolore
1488 3970 1697 4045 premebamur,

601 4049 679 4105 tibus
719 4049 879 4105 stridebant
918 4050 947 4104 in
983 4061 1123 4112 mortuos,
1176 4049 1254 4126 quod
1289 4050 1409 4105 humore
1445 4049 1583 4105 cadavera
1618 4050 1736 4121 nobis3o

601 4128 695 4184 adhue
709 4129 898 4202 exquisitiore
913 4129 1035 4203 quodam
1056 4150 1122 4206 sup·
1177 4150 1233 4184 nou
1250 4129 1359 4186 liceret.
1402 4128 1480 4184 Nam
1497 4150 1591 4204 neque
1608 4130 1697 4185 noetis

600 4207 688 4283 plicio
723 4229 772 4264 eos
812 4209 923 4264 officere
964 4210 1123 4284 cupientes.
1176 4211 1302 4265 tenebrae
1323 4230 1376 4265 nos
1394 4209 1506 4283 juvare,
1526 4231 1621 4285 neque
1638 4209 1696 4265 auri

601 4286 662 4342 Alii
700 4308 767 4342 vero
807 4287 964 4343 irridebant
1001 4289 1121 4345 insultu·
1176 4290 1219 4345 vis
1241 4289 1366 4355 flectere,
1388 4308 1482 4362 neque
1508 4311 1608 4366 preces
1634 4289 1697 4344 ullm

600 4367 737 4440 buutque,
753 4366 903 4422 simulacra
923 4388 973 4422 sun
989 4367 1124 4425 laudibus
1175 4370 1285 4425 animos
1314 4389 1411 4425 eorum
1442 4389 1623 4427 commovere
1648 4390 1696 4446 po-

600 4445 784 4508 extollentes,
800 4466 832 4501 ac
850 4467 948 4519 poeuas
963 4446 998 4503 de
1016 4461 1122 4525 marty·
1175 4460 1306 4505 tuerunt.
1352 4448 1409 4505 Sed
1432 4449 1509 4505 omni
1536 4450 1634 4507 studio
1655 4451 1734 4508 κιο-35
