4359 5150
610 426 653 490 68
945 428 1304 494 ANNOTATIONES
1321 432 1376 493 &a

611 617 712 681 neque
727 619 817 662 suam
832 599 898 683 ipse
913 598 973 662 sibi
988 619 1169 663 mensnram
1189 600 1299 662 deesse
1313 596 1457 660 voluerit.
1504 594 1605 657 Filius
1626 593 1711 656 enim

610 706 659 763 est
674 720 822 764 mensura
839 701 956 778 Patris,
972 701 1026 786 qui
1041 708 1146 764 totam
1170 699 1278 764 Patris
1299 697 1557 772 immensitatem,
1572 695 1711 758 infinita·

610 808 686 873 tem,
705 808 738 866 et
753 802 965 867 substantiam
980 802 1013 865 in
1028 824 1062 866 se
1077 803 1174 887 oepit,
1190 800 1333 866 eontinet
1346 822 1384 864 ao
1399 799 1497 864 veluti
1515 796 1713 863 oiroumseri·

611 900 668 965 bit.
717 902 872 966 Mnssnnr.
888 901 964 967 aaa.
978 904 1119 968 Deleant.
1135 926 1165 988 p.
1184 924 1251 966 111.
1269 926 1298 967 v.
1315 904 1367 983 56.

1126 1106 1195 1175 XI.

656 1246 695 1310 P.
707 1265 759 1332 59.
775 1249 796 1312 l.
809 1269 858 1333 23.
881 1250 900 1311 ἃ
917 1275 966 1313 σοι
981 1257 1107 1333 χορηγεῖ
1119 1252 1174 1317 σὸς
1188 1251 1294 1335 πατὴρ]
1318 1249 1437 1313 Loeum
1452 1246 1592 1311 restituit
1603 1245 1717 1309 Billius

611 1372 652 1415 ex
668 1352 739 1415 Vet.
758 1351 877 1436 lnterp.
894 1374 953 1436 pro
968 1351 987 1415 ἃ
1003 1354 1042 1416 σὺ
1056 1361 1195 1435 χορηγεῖς
1209 1356 1256 1421 ὡς.
1297 1355 1337 1416 In
1352 1359 1477 1416 textum
1492 1351 1589 1415 verba
1604 1372 1717 1414 emen·

613 1452 691 1516 data
714 1452 828 1536 reoepi,
844 1453 926 1518 siout
951 1453 1143 1518 Pearsonius
1162 1454 1282 1518 fecerat
1302 1455 1333 1517 in
1351 1453 1504 1517 Vindicta
1523 1453 1718 1537 [pastinata

614 1554 768 1618 Riaa

658 1655 741 1719 lbid.
767 1663 866 1721 Σατᾶν
884 1660 947 1742 ἀεὶ]
975 1659 1049 1721 Ηοα
1066 1680 1125 1743 pro
1141 1665 1261 1723 Σατανᾶ
1277 1663 1391 1744 sipost
1407 1658 1602 1741 Scaliger-um
1617 1678 1715 1741 repo·

613 1756 678 1820 suit
690 1756 842 1821 Petevius
853 1758 886 1820 in
900 1759 1042 1844 margine
1054 1758 1224 1844 Epiphanii
1241 1783 1271 1844 p.
1285 1764 1358 1842 246.
1370 1766 1473 1823 metro
1488 1758 1535 1821 ita
1549 1757 1718 1842 exigente3

614 1857 757 1943 quamvis
776 1867 867 1922 vetus
891 1860 1055 1944 Interpres
1077 1862 1125 1924 aa
1147 1861 1232 1924 haud
1254 1861 1377 1945 legerit.
1424 1861 1563 1924 Gnnmus
1584 1860 1630 1921 nd
1650 1860 1718 1921 Ire-

614 1979 728 2021 naeum.

659 2060 743 2124 Ibid.
760 2060 781 2123 l.
795 2080 845 2141 24.
865 2063 1029 2147 δυνάμεως]
1067 2066 1146 2128 Post
1160 2064 1243 2128 hene
1258 2085 1367 2127 voeem
1384 2063 1558 2147 irrepserat
1580 2060 1719 2144 tyxszprt

614 2189 694 2242 ματα
719 2164 817 2228 veteri
845 2164 1012 2250 interpreti
1042 2167 1195 2251 ignotum,
1220 2168 1304 2250 quod
1329 2166 1497 2230 delendum
1523 2171 1721 2228 monuerunt

616 2265 754 2330 Grabins
769 2273 803 2329 et
820 2267 1012 2346 Massnetus,
1026 2269 1174 2353 quodque
1189 2277 1262 2334 ante
1277 2268 1346 2332 illos
1361 2268 1498 2353 ejecerat
1514 2265 1720 2329 Pearsonius.

661 2367 744 2432 lbid.
768 2366 911 2457 Ἀζαζῆλ]
944 2371 1088 2456 Angelus
1116 2371 1218 2434 melus
1246 2378 1305 2447 est,
1330 2371 1419 2455 eujus
1448 2368 1567 2431 mentio
1597 2368 1647 2442 lit,
1672 2367 1724 2430 ait

617 2468 765 2546 Grabius,
780 2470 813 2532 in
838 2471 1030 2555 Pamphrasi
1053 2472 1224 2537 Chaldaioa
1246 2471 1421 2536 Jonathani
1440 2470 1532 2555 vulgo
1554 2470 1723 2553 adscripta

616 2571 659 2636 ad
669 2570 749 2636 Gen.
760 2571 799 2635 vi.
804 2594 835 2657 5.
860 2573 900 2636 In
914 2572 995 2637 libro
1011 2574 1134 2638 Enoohi
1149 2574 1289 2638 desimus
1303 2572 1413 2637 ordine
1424 2572 1509 2636 inter
1519 2593 1571 2635 xx.
1587 2569 1723 2654 angelos

618 2672 723 2756 lapsos
737 2684 941 2739 memoratur.
987 2678 1036 2741 De
1051 2678 1111 2740 hoo
1126 2678 1219 2762 plura
1234 2676 1431 2739 somniarunt
1446 2672 1591 2736 Rabbini.
1634 2672 1724 2757 Lege

619 2775 662 2836 sis
682 2776 868 2860 Agrippam,
885 2778 938 2841 lib.
955 2780 986 2842 ii.
1003 2780 1042 2842 de
1066 2779 1187 2843 Oeoult.
1207 2778 1327 2841 Philos.
1373 2775 1581 2839 Reuohlinum
1603 2773 1658 2836 lib.
1675 2775 1721 2838 iii.

619 2875 669 2938 De
684 2878 768 2940 Arte
784 2878 987 2957 Gebalistiota
1000 2888 1033 2944 et
1050 2879 1173 2965 Moynii
1190 2879 1292 2943 Notas
1306 2879 1347 2942 ad
1365 2878 1522 2941 Barnabae
1539 2877 1724 2961 Epistolam

619 2999 691 3062 pag.
715 2982 788 3055 648.
821 2988 854 3043 et
884 3003 970 3065 seqq.
1018 2982 1174 3044 Mnssunr.
1209 3003 1248 3044 ex
1278 2980 1398 3043 Grabio
1428 2988 1461 3041 et
1492 2978 1724 3045 Feuardenti0.

619 3079 740 3143 Existit
756 3103 869 3144 nomen
885 3081 1027 3160 Ἀζαλζὲλ
1050 3083 1082 3145 in
1098 3083 1169 3145 libri
1185 3082 1307 3145 Enoohi
1326 3089 1475 3164 excerpto
1490 3081 1574 3164 apud
1591 3079 1723 3164 Synoel-

618 3182 692 3259 lum,
712 3183 936 3270 Otroaoprapl.
952 3209 983 3270 p.
999 3206 1049 3248 12.
1066 3187 1141 3251 edit.
1158 3187 1254 3249 Goar.

664 3285 747 3348 lbid.
764 3286 783 3349 l.
801 3303 851 3370 25.
875 3288 1011 3350 ἀντιθέου
1035 3288 1230 3370 πανουργίας]
1264 3285 1455 3348 pearsonius
1475 3284 1594 3346 Vindia.
1613 3284 1724 3368 Ιρααί.

620 3388 673 3450 ubi
697 3410 804 3472 supra.
850 3389 1017 3451 “Divinus
1040 3387 1091 3451 ille
1116 3410 1213 3452 senex
1236 3389 1382 3450 Marcam
1408 3386 1585 3449 deseribere
1608 3384 1726 3463 voluit,

621 3498 640 3525 “
654 3497 808 3573 tanquam
823 3490 1015 3553 Antichristi
1031 3511 1271 3574 praecursorem,
1287 3489 1371 3571 qnod
1392 3487 1443 3551 hio
1463 3486 1621 3571 significat
1643 3490 1726 3551 ἀντί-

621 3595 725 3656 “Osos
751 3591 947 3672 πανουργία.”
992 3591 1213 3654 Tertullianus
1236 3591 1322 3654 Adra.
1347 3590 1582 3664 Valentinianos,
1602 3611 1676 3674 cap.
1692 3612 1726 3670 4.

620 3691 761 3754 Dadasa
778 3701 805 3754 et
819 3691 988 3755 Heracleon
1008 3692 1078 3755 inde
1099 3693 1235 3755 tramites
1254 3692 1396 3776 praedam
1412 3691 1661 3771 (Valentinianae
1676 3692 1727 3754 in-

620 3792 808 3873 stitutionis)
825 3803 853 3856 el
873 3795 1027 3857 Secundae
1046 3805 1074 3858 at
1097 3816 1200 3879 magas
1221 3794 1361 3857 Maroae.
1409 3793 1458 3856 De
1480 3793 1590 3856 eodem
1607 3792 1727 3856 Marco

622 3897 748 3957 Auctor
772 3895 885 3957 Contra
915 3917 1012 3957 omna
1031 3895 1169 3959 Harenas
1192 3917 1259 3979 cap.
1277 3898 1306 3957 6.
1326 3903 1358 3957 et
1383 3895 1578 3958 Theodoret.
1602 3894 1724 3958 Hoeret.

623 3995 780 4078 empna.
798 3994 873 4057 Fal.
891 4016 915 4057 1.
933 3997 961 4057 8.
