4359 5150
542 466 606 528 186
915 458 1270 529 ANNOTATIONES

540 634 573 697 in
592 634 728 696 formula
743 638 845 699 Σοτᾶς
862 636 879 695 ὁ
896 634 1047 713 μακάριος,
1064 636 1105 697 de
1124 642 1252 698 mortuo
1274 634 1461 718 plerumque
1481 632 1645 706 adhiberi;

540 735 610 797 cide
626 735 708 797 infra
723 734 908 796 Susarroxrs
924 735 1133 818 Fragmenta.

584 837 622 897 P.
641 853 709 916 179.
725 836 747 896 Ι.
766 856 812 897 10.
835 838 869 897 ἓν
883 835 1046 913 μετάλλοις
1061 840 1093 898 δὲ
1109 838 1256 917 ἀδελφοῖς
1268 835 1338 919 dte]
1355 835 1457 898 Recte
1472 834 1543 897 haee
1554 833 1647 897 inter·

539 944 686 1019 pretatus
699 945 749 999 est
765 936 947 999 Dodwellus
961 938 1002 999 de
1016 936 1236 1020 persecutione
1250 943 1365 999 contra
1376 934 1580 999 Christianos
1594 956 1649 1018 per

540 1038 670 1099 Graecas
685 1037 831 1100 ciritates
846 1039 905 1099 sub
922 1038 981 1100 Pio
997 1038 1080 1121 Imp.
1097 1037 1249 1113 excitata,
1265 1038 1356 1120 cujus
1371 1036 1517 1099 meminit
1534 1036 1648 1099 Melito

539 1135 643 1198 verbis
657 1136 740 1199 inlra
755 1158 824 1219 cap.
837 1141 887 1201 26.
920 1140 985 1215 (At
1001 1160 1086 1199 cons.
1104 1146 1198 1200 notas
1212 1159 1310 1221 supra
1325 1160 1418 1221 pagg.
1438 1156 1496 1219 129
1513 1145 1549 1201 et
1563 1141 1645 1220 131.)

540 1235 746 1299 Auctoritate
768 1236 829 1298 hac
853 1237 999 1320 Dionysii
1015 1236 1254 1300 Corinthiorum
1277 1237 1417 1321 episcopi
1438 1238 1543 1301 frctus
1564 1238 1648 1301 idem

539 1336 719 1399 Dodwcllus
742 1337 868 1399 initium
889 1337 1094 1420 pontificatus
1113 1338 1235 1401 Soteris
1256 1338 1299 1401 ad
1321 1346 1468 1422 tempora
1490 1338 1542 1401 Pii
1566 1338 1647 1422 Imp.

539 1437 686 1511 retraxit,
716 1447 749 1501 et
774 1439 807 1499 in
836 1440 877 1499 A.
891 1438 932 1500 D.
962 1459 971 1499 ι
977 1459 1029 1522 53.
1056 1441 1203 1523 conjecit.
1249 1439 1326 1502 Vid.
1350 1440 1418 1523 ejus
1441 1439 1579 1503 Dissert.
1598 1440 1649 1501 Dc

541 1539 744 1601 Successione
760 1539 853 1601 Rom.
871 1539 990 1602 Pontii.
1007 1563 1033 1602 c.
1047 1541 1111 1603 xiv.
1128 1563 1158 1602 n.
1174 1562 1200 1602 1.
1219 1541 1274 1602 W.
1293 1541 1423 1603 Lowru.
1459 1541 1526 1603 Sub
1544 1539 1647 1604 Marci

542 1639 663 1701 Aurelii
690 1640 872 1724 primordia,
899 1649 1069 1724 postquam
1098 1642 1177 1704 Pius
1210 1664 1343 1727 regnare
1372 1642 1477 1718 desiit,
1503 1664 1647 1726 persecu-

539 1739 659 1803 tionem
684 1741 903 1822 gravissimam
926 1743 1086 1824 quandam
1112 1743 1288 1806 excitatam
1310 1765 1378 1805 esse
1405 1758 1517 1806 contra
1543 1744 1647 1808 Chris-

541 1841 656 1917 tianos,
682 1842 794 1905 validis
817 1843 1016 1926 argumentis
1041 1844 1184 1908 ostendit
1209 1845 1388 1930 Bosnagius
1414 1845 1446 1907 in
1469 1844 1649 1908 Annalibus

541 1944 799 2007 PoliticoEccles.
815 1945 858 2006 ad
873 1966 925 2007 an.
945 1948 1015 2007 162.
1061 1945 1174 2023 Porro,
1191 1968 1288 2029 quum
1304 1946 1390 2022 nihil,
1406 1948 1530 2031 opinor,
1542 1955 1648 2034 cogat,

539 2054 577 2108 ut
592 2045 738 2129 Dionysii
761 2046 847 2108 istud
872 2046 911 2108 de
933 2046 1151 2109 Romanomm
1174 2069 1251 2132 erga
1274 2056 1431 2131 martyres
1454 2049 1488 2111 in
1511 2048 1648 2113 metallis

539 2146 732 2209 constitutos
747 2147 956 2210 beneficentia
967 2149 1009 2210 ad
1026 2170 1076 2211 res
1089 2159 1181 2212 actas
1193 2150 1252 2211 sub
1268 2149 1382 2212 Sotorc
1396 2156 1533 2233 spectet,
1551 2172 1588 2213 eo
1602 2150 1648 2211 in-

539 2246 661 2311 firmius
676 2249 828 2311 reddetur
850 2248 1006 2310 Dodwelli
1024 2259 1248 2333 argumentum
1266 2272 1325 2334 pro
1344 2251 1578 2314 retractatione
1592 2252 1646 2314 So-

539 2350 618 2413 teris
632 2350 675 2411 ad
694 2360 840 2433 tempora
862 2349 922 2424 Pii,
939 2350 1064 2413 etiamsi
1080 2351 1208 2414 vexatio
1224 2351 1287 2413 ista
1306 2353 1365 2413 sub
1386 2351 1439 2414 illo
1457 2352 1647 2436 imperatore

539 2472 650 2513 revera
665 2449 845 2532 contigerit.
891 2449 936 2513 Et
950 2451 1069 2513 rectius
1083 2451 1190 2514 forsan
1205 2451 1259 2513 alii
1274 2473 1315 2513 cx
1329 2453 1487 2514 communi
1500 2453 1646 2536 opinione

540 2552 623 2614 hunc
643 2550 862 2635 episcopatum
884 2552 970 2615 intra
994 2551 1097 2615 Marci
1114 2552 1238 2615 Aurelii
1260 2558 1407 2636 tempora
1428 2552 1646 2617 collocandum

539 2661 663 2735 putant,
680 2652 734 2734 qui
750 2673 883 2735 regnare
899 2653 996 2735 coepit
1011 2674 1095 2714 anno
1116 2657 1184 2715 161.

586 2753 766 2813 Ibid.l.11.
798 2752 832 2815 δι’
852 2756 893 2815 ὧν
919 2753 1062 2836 πέμπετε]
1085 2756 1132 2816 καὶ
1154 2756 1278 2817 addunt
1305 2754 1477 2838 Chrislopk.
1493 2758 1590 2819 Lecti.
1614 2765 1645 2818 et

550 2855 632 2916 Vere.
651 2857 781 2913 Smeru.
798 2854 964 2930 πέμποντες
979 2877 1037 2937 pro
1052 2855 1184 2932 πέμπετε
1208 2857 1282 2917 Cod.
1299 2857 1437 2939 Norsok.

586 2954 770 3017 lbid.l.12.
793 2953 1056 3037 διαφυλάττοντες]
1084 2953 1339 3034 διαφυλάττοντας
1359 2957 1531 3040 Chrisloph.
1552 2959 1645 3020 Lecti.

542 3055 743 3136 φυλάττοντες
772 3056 901 3138 ΝῖαῬΙι.
934 3056 1066 3119 Srnoru.
1105 3057 1306 3136 φυλάττοντες
1331 3058 1463 3131 habent,
1489 3060 1646 3121 referente

542 3157 695 3230 Burtou0‚
712 3157 795 3217 codd.
816 3158 920 3218 Poris.
941 3159 1040 3220 Vocet
1057 3159 1300 3240 Florentinique.
1345 3158 1484 3237 Ῥωμαῖοι
1504 3161 1647 3244 proxime

541 3269 617 3322 aute
633 3258 754 3321 omittit
769 3260 844 3320 MS.
861 3259 951 3319 Bodl.
968 3281 1023 3319 seu
1038 3259 1138 3321 Sacil.

587 3361 667 3423 lbid.
685 3360 704 3422 l.
722 3379 769 3435 14.
787 3357 900 3441 Σωτὴρ]
917 3359 1084 3440 Σωτήριχος
1099 3360 1149 3420 hie
1172 3368 1204 3421 et
1229 3382 1353 3443 semper
1372 3361 1447 3423 alibi
1469 3362 1547 3425 MS.
1564 3364 1645 3425 Nor-

533 3462 610 3544 jblc.
633 3463 778 3542 idemque
802 3481 916 3521 nomen
938 3460 1010 3521 huic
1031 3461 1178 3544 episcopo
1195 3461 1351 3545 Georgius
1373 3462 1537 3544 Syncellus
1557 3464 1645 3527 Nice

543 3565 722 3647 phorusque
747 3564 811 3625 GP.
827 3563 859 3623 iu
885 3561 1140 3645 Chroccyropliis
1162 3562 1238 3637 suis,
1254 3571 1286 3625 et
1307 3563 1486 3646 Eutychius
1508 3565 1646 3628 Alexan·

543 3666 652 3727 drinus
667 3664 698 3726 iu
715 3662 888 3727 Anrmlidcs
910 3685 981 3745 pag.
992 3683 1065 3745 359,
1082 3663 1276 3726 indiderunt.
1322 3664 1492 3727 Sotericlccs
1515 3665 1548 3727 in
1569 3675 1645 3730 vett.

543 3765 683 3847 inscript.
700 3766 785 3848 apud
801 3765 976 3826 Gruterum
993 3765 1139 3826 occurrit.

590 3866 671 3927 lbid.
703 3866 877 3946 ἐπηύξηκεν]
913 3865 1061 3947 Stephani
1084 3865 1251 3927 lectionem
1277 3863 1402 3942 ηὔξηκεν
1427 3869 1589 3931 revocavit
1615 3869 1646 3930 in

545 3988 697 4049 nuperum
723 3968 770 4028 ed.
802 3988 891 4027 suam
918 3966 1090 4037 StrothiuS,
1117 3988 1211 4047 quam
1237 3974 1370 4049 praestat
1397 3962 1590 4051 ll'iceplcrus
1616 3972 1646 4032 in

544 4068 684 4129 Historia
711 4067 797 4129 Eccl.
828 4067 919 4127 Nunc
943 4067 1034 4128 addit
1061 4067 1222 4129 Burtonus
1248 4067 1332 4128 codd.
1363 4069 1441 4151 Regi.
1470 4071 1551 4132 Ρατ.
1573 4092 1599 4145 1,
1618 4090 1646 4132 2.

544 4171 638 4251 Nors.
656 4168 908 4251 Florentinosquc,
925 4167 1032 4229 caeteri
1052 4190 1125 4229 vero
1146 4190 1217 4230 cum
1234 4168 1364 4230 Valesio
1386 4170 1519 4234 faciunt.
1569 4172 1647 4235 Ver·

546 4270 587 4332 tit
600 4270 728 4350 Rufinus
744 4276 833 4330 vetus
848 4267 1015 4349 interpres,
1030 4267 1086 4328 sed
1099 4277 1126 4329 cl
1139 4270 1227 4330 aucit
1242 4270 1276 4330 ιἰι
1291 4269 1406 4332 rcellus.

591 4371 674 4432 lbid.
700 4372 884 4451 ἐπιχορηγῶν
905 4370 975 4452 μὲν]
1003 4368 1187 4431 Notandum
1210 4380 1259 4433 est
1283 4370 1405 4434 illustre
1430 4375 1649 4437 testimonium

545 4471 691 4555 Dionysii
718 4471 953 4534 Corinthiorum
983 4470 1132 4553 Episcopi
1158 4473 1197 4533 do
1225 4472 1369 4535 Romana
1396 4473 1550 4553 Ecclesia„
1578 4497 1654 4560 quat
