4359 5150
608 460 671 522 152
978 453 1329 520 ANNOTATIONES

605 599 744 685 positum
758 603 807 661 est
822 597 862 660 de
878 596 989 660 lenaeo
1004 597 1120 661 eolluto
1136 618 1207 661 eum
1221 597 1331 674 ariete,
1347 596 1614 681 quemadmodum
1632 616 1704 659 eum

605 722 644 765 eo
658 700 820 764 confertur
833 698 893 761 hoo
907 697 976 761 loeo
991 696 1151 763 Christus.
1198 697 1273 762 Vid.
1290 698 1344 762 lin.
1360 699 1391 762 6.
1408 704 1441 762 et
1455 697 1511 762 liu.
1531 716 1581 762 ιο.

1125 868 1191 939 IV.

651 1012 733 1076 Ibid
752 1011 772 1076 l.
793 1034 842 1096 13.
864 1012 909 1077 Τὸ
926 1014 1123 1095 κατεχόμενος
1145 1012 1214 1097 tre]
1237 1012 1399 1077 Praestent
1419 1012 1501 1076 hnue
1522 1016 1613 1094 ῥῆσιν
1634 1035 1704 1077 eum

605 1114 666 1179 duo
688 1114 809 1177 Codices
831 1114 983 1190 Vaticani,
1004 1113 1038 1176 in
1060 1113 1174 1198 quibus
1196 1113 1300 1175 minus
1321 1120 1397 1197 apte
1423 1117 1627 1196 κατεχόμενον
1652 1137 1704 1178 ex-

605 1222 733 1280 oratum
747 1220 809 1293 est,
824 1221 893 1278 tum
907 1236 982 1278 vero
997 1214 1163 1298 neophori
1178 1215 1302 1290 θαίοαα,
1313 1213 1367 1277 ubi
1377 1214 1496 1279 rectius
1507 1218 1706 1298 κατεχόμενος

606 1324 708 1381 extet.

651 1416 734 1481 Ibid.
751 1419 767 1479 ό
783 1418 876 1495 Σύρος
891 1416 940 1479 καὶ
954 1412 1139 1499 όἛβραῖος]
1150 1415 1214 1478 Vir
1223 1416 1350 1501 quidem
1361 1415 1584 1480 eeleberrimus
1596 1414 1705 1479 Mons

605 1519 780 1595 feueonius,
795 1518 939 1581 Proelim.
954 1518 989 1582 in
1003 1518 1148 1601 Henaple
1167 1519 1318 1602 Οτιμοαὲς,
1333 1518 1366 1581 in
1383 1539 1494 1582 eorum
1513 1518 1705 1581 sententiam

606 1621 803 1705 propendere
823 1619 958 1696 videtur,
974 1617 1027 1702 qui
1042 1618 1150 1696 velint,
1167 1620 1280 1703 Syrum
1300 1619 1383 1683 hune
1398 1628 1432 1683 et
1451 1618 1589 1683 fortusse
1609 1618 1704 1682 etium

606 1719 783 1798 Hedroeum,
801 1741 935 1804 quorum
954 1718 1106 1783 leotioues
1127 1741 1148 1783 a
1169 1719 1314 1803 putribus
1336 1741 1420 1804 saepe
1442 1719 1637 1804 eonjunetim
1657 1718 1703 1782 ei·

606 1821 761 1897 ferunt-ur,
776 1820 934 1884 versiones
948 1820 1070 1911 aliquas
1088 1820 1219 1883 Graeous
1238 1842 1278 1883 ex
1299 1821 1430 1905 Syriaon
1445 1821 1589 1884 versione
1608 1828 1705 1906 etque

607 1922 770 1987 Hebraico
784 1921 887 1985 foetes
902 1920 1051 1984 indioure.
1096 1920 1181 1984 Vide
1196 1943 1268 1984 eum
1283 1944 1351 2006 oap.
1368 1922 1387 1985 i.
1406 1922 1508 2003 §.ult
1551 1923 1616 1985 Sed
1631 1919 1705 2005 quid

607 2027 647 2090 de
663 2025 744 2109 Syre
758 2023 821 2086 isto
843 2028 876 2085 et
897 2021 1038 2085 Hebraeo
1058 2022 1264 2086 statuendum
1286 2023 1339 2099 sit,
1363 2023 1416 2087 olii
1438 2023 1497 2086 viri
1522 2023 1610 2087 doeti
1633 2028 1706 2107 post

608 2123 885 2190 Montfaueenium
900 2123 1073 2187 scribentes
1087 2123 1147 2186 sibi
1167 2146 1230 2187 non
1249 2124 1368 2208 liquere
1387 2124 1596 2188 affirmarunt.
1642 2124 1706 2187 Nu·

476 2288 478 2290 .
607 2248 695 2291 mero
718 2225 868 2310 singulari
890 2225 1020 2287 verbum
1043 2226 1137 2305 φησὶν
1159 2225 1210 2287 hio
1232 2225 1371 2310 positum
1394 2233 1462 2300 ost3
1495 2231 1529 2289 et
1550 2224 1707 2288 Eusebius

607 2328 661 2393 lib.
681 2328 721 2392 iv.
744 2327 832 2391 Hist.
855 2348 882 2389 α.
907 2344 956 2391 22.
980 2326 1020 2390 de
1044 2325 1227 2410 Hegesippo
1249 2327 1309 2390 hoe
1330 2326 1442 2404 tradit,
1458 2327 1490 2389 ἔκ
1512 2351 1545 2390 τε
1568 2330 1622 2390 τοῦ
1643 2323 1706 2389 καθ’

607 2428 768 2511 Ἑβραίους
796 2422 973 2509 εὐαγγελῖον
1004 2428 1051 2491 καὶ
1076 2433 1128 2490 τοῦ
1154 2433 1453 2506 Συριακοῦ-τινα
1481 2427 1610 2506 τίθησιν,
1637 2433 1707 2511 quae

609 2529 737 2616 quidem
752 2529 882 2594 Eusebii
897 2530 993 2594 verbe
1007 2550 1049 2594 un
1064 2529 1151 2593 hisee
1166 2528 1331 2594 Melitonis
1345 2529 1422 2593 dent
1436 2527 1550 2606 lueem,
1561 2535 1708 2613 quoernnt

609 2631 672 2696 elii.
718 2632 768 2694 De
790 2631 875 2694 nullu
898 2631 1020 2695 interea
1045 2630 1188 2694 versione
1213 2630 1377 2715 evangelii,
1402 2630 1458 2694 sed
1482 2630 1522 2693 de
1545 2629 1708 2714 evangelio

611 2733 882 2817 Syro-Hebraico,
897 2733 1038 2816 loquitur
1053 2733 1219 2795 Eusebius.

654 2836 692 2897 P.
708 2856 718 2896 r
733 2834 777 2897 18.
792 2835 810 2896 l.
829 2857 876 2910 14.
889 2835 1014 2920 τντοῦν]
1031 2840 1178 2897 τυτοῦντα
1190 2834 1357 2918 Niceplteri
1370 2838 1488 2898 Catone
1498 2843 1532 2899 et
1548 2836 1708 2899 Scholium

611 2937 642 2999 in
658 2936 771 2999 Bittio
793 2937 865 3000 edit.
880 2939 1036 3013 Romane,
1058 2937 1143 3019 quod
1159 2937 1286 3019 quidem
1300 2936 1453 2999 scholium
1468 2936 1517 2999 his
1532 2937 1636 3001 verbis
1657 2938 1709 3001 τὸν

611 3039 740 3119 σταυρὸν
755 3037 873 3101 finitur.

655 3137 736 3199 Ibid.
749 3137 769 3199 l.
785 3158 833 3217 17.
848 3139 949 3215 ὥσπερ
964 3140 996 3199 δὲ
1009 3138 1104 3217 φυτὸν
1116 3140 1227 3215 Σαβὲκ,
1239 3136 1316 3199 τοῦτ’
1330 3138 1412 3199 ἔστιν
1424 3137 1576 3222 ἀφέσεως]
1590 3138 1707 3200 LXX.

613 3241 670 3302 Καὶ
685 3239 867 3320 ἀναβλέψας
881 3237 1020 3317 Ἀβραὰμ
1034 3244 1095 3304 τοῖς
1111 3241 1279 3318 ὀφθαλμοῖς
1295 3240 1383 3301 αὐτοῦ
1398 3239 1467 3309 εἶδε,
1485 3240 1532 3302 καὶ
1547 3241 1610 3302 ἰδοῦ
1632 3240 1712 3319 κριὸς

611 3342 653 3407 εἷς
668 3343 865 3423 κατεχόμενος
881 3343 914 3403 ἐν
935 3345 1017 3425 φυτῷ
1039 3343 1142 3418 Σαβὲκ
1163 3346 1220 3402 τῶν
1240 3340 1378 3421 κεράτων.
1428 3343 1531 3403 Grues.
1548 3362 1618 3425 cap.
1634 3340 1709 3404 xxii.

611 3464 723 3506 oomm.
753 3462 799 3524 13.
824 3441 902 3504 Biel.
931 3442 1033 3504 Lenie.
1058 3443 1091 3504 ιἰι
1116 3442 1235 3504 LXX.
1259 3451 1286 3504 et
1310 3442 1386 3504 ulios
1407 3443 1591 3525 Interpretee
1620 3442 1656 3504 V.
1676 3443 1711 3505 Τ.

611 3550 634 3582 “
651 3545 752 3620 zano<
779 3543 879 3605 Hebr.
901 3564 955 3620 vnn
982 3542 1176 3626 perplexum,
1204 3550 1376 3625 vepretum.
1409 3543 1488 3605 Gen.
1512 3541 1588 3605 xxii.
1617 3562 1712 3626 13.—

604 3635 631 3679 ’“
648 3643 798 3706 Ceterum
821 3643 853 3705 in
876 3643 979 3706 Glose.
1001 3642 1082 3704 Bibl.
1103 3641 1232 3705 Coislin.
1249 3665 1279 3725 p.
1296 3659 1370 3725 475.
1417 3646 1517 3721 Σαβέκ
1540 3644 1714 3728 exponitur

613 3751 632 3778 ‘⁴
647 3744 756 3823 ἄφεσις
771 3743 917 3819 dimiono,
932 3751 966 3806 et
980 3742 1128 3805 additur:
1154 3743 1212 3805 ἀπὸ
1228 3747 1278 3820 τῆς
1293 3745 1389 3823 Σύρας
1404 3746 1567 3816 διαλέκτου,
1579 3768 1594 3807 e
1605 3745 1713 3829 linqua

610 3853 632 3881 “
650 3846 791 3927 Syriaco.
839 3847 892 3907 Ite
908 3846 1004 3908 etium
1022 3845 1099 3906 Lex.
1116 3844 1203 3928 Orig.
1220 3867 1249 3927 p.
1269 3864 1306 3928 23
1309 3864 1341 3928 3.
1356 3853 1389 3907 et
1405 3845 1528 3920 suidas,
1544 3846 1605 3910 nisi
1626 3849 1713 3931 quod

613 3954 632 3982 ‘⁴
647 3947 732 4030 apud
747 3947 831 4009 hune
847 3970 908 4008 vox
929 3947 1083 4009 διαλέκτου
1104 3945 1220 4009 omisso
1242 3946 1294 4009 sit.
1342 3946 1430 4009 ΜαΙο
1451 3954 1560 4009 nutem
1583 3947 1627 4010 ibi
1652 3971 1714 4012 vox

613 4055 632 4082 “
649 4046 845 4110 derivetnre
868 4047 977 4111 Chald.
996 4068 1055 4128 pru
1070 4047 1197 4109 dimisit.
1243 4047 1332 4111 Tem.
1349 4048 1391 4110 iii.
1409 4070 1438 4131 p.
1458 4048 1550 4132 256?
1596 4050 1715 4115 Confer

611 4150 645 4211 J.
661 4148 696 4212 C.
714 4149 755 4210 G.
773 4147 912 4210 Ernestii
931 4148 1024 4210 Gloee.
1046 4150 1133 4210 Saor.
1155 4148 1281 4230 Hesyed.
1306 4172 1336 4233 p.
1360 4168 1431 4228 242.
1454 4155 1488 4211 et
1511 4148 1717 4214 Schleusneri

612 4249 717 4310 Leuis.
732 4248 793 4311 Ver.
813 4248 891 4309 Ten.
907 4247 949 4310 iii.
969 4269 1017 4330 ¹9·
1063 4249 1233 4324 Caeterum,
1250 4250 1335 4313 hond
1351 4250 1508 4333 significet
1524 4250 1641 4315 Melite
1657 4275 1719 4335 per

610 4348 716 4423 verba,
729 4347 825 4427 φυτὸν
840 4350 942 4424 Σαβὲκ
958 4348 1085 4411 ἐκάλεσε
1102 4349 1154 4410 τὸν
1166 4349 1252 4429 ἅγιον
1264 4350 1401 4430 σταυρὸν,
1412 4350 1471 4412 hoo
1484 4353 1588 4428 Σαβὲκ
1601 4353 1719 4415 Graece

611 4448 741 4530 σταυρὸν
755 4448 796 4511 ab
812 4448 985 4532 interprete
1001 4470 1125 4511 versum
1145 4471 1233 4526 esse3
1256 4452 1312 4513 sed
1332 4458 1458 4514 tontum
1478 4453 1712 4536 expositionem
