4359 5150
991 460 1024 523 S.
1049 458 1258 523 SERAPIO.
1609 461 1674 524 458

569 619 686 696 αὐτῶν
724 616 940 723 ε’νεφοίλευεν
969 620 1007 696 ἐκ
1040 623 1113 696 τῶν
1141 616 1342 721 λεχθέντων
1372 652 1443 715 μοι,
1473 616 1674 696 σπουδάσω

569 751 683 832 πάλιν
702 752 869 852 γενέσθαι
887 751 977 852 πρὸς
1004 754 1103 848 ὑμᾶς.
1135 750 1182 836 ὥς
1209 788 1246 832 τε
1272 756 1423 858 ἀδελφοὶ
1447 753 1679 853 προσδοκᾶτέ

570 923 615 987 με
634 891 672 967 έν
687 886 799 991 τάχει.
822 888 922 985 ἡμεῖς
936 885 973 966 δέ
992 891 1144 994 ἀδελφοὶ
1164 888 1449 989 καταλαβόμενοι
1470 906 1552 980 (Vet.
1565 908 1673 985 interp.

573 1040 795 1120 κατελάβομεν)
812 1024 935 1106 ὁποίας
954 1021 998 1121 ἦν
1017 1024 1186 1125 αἱρέσεως
1209 1026 1229 1103 ὁ
1251 1024 1473 1126 Μαρκιανὸς,
1499 1028 1556 1104 καὶ
1577 1042 1674 1113 (Idem

545 1170 606 1256 5⁸³
621 1172 682 1247 roi)
699 1159 812 1264 ἑαυτῷ
831 1159 1037 1255 ἠναντιοῦτο
1055 1157 1106 1257 μὴ
1125 1165 1216 1237 νοῶν
1235 1157 1403 1255 ἃέλοῖλει,
1424 1158 1448 1237 ἂ
1464 1160 1675 1259 μαθήσεσθε

573 1292 617 1398 ἐξ
632 1288 682 1370 ὧν
707 1293 789 1389 ὑμῖν
814 1292 967 1396 ἐγράφη.
997 1290 1213 1391 ἐδυνήθημεν
1241 1291 1313 1395 γὰρ
1341 1295 1424 1396 παρ’
1453 1293 1579 1373 ἄλλων
1603 1301 1676 1374 τῶν

573 1424 816 1525 ἀσκησοίντων
839 1422 926 1503 αὐτὸ
951 1432 1057 1504 τοῦτο
1082 1423 1124 1504 τὸ
1150 1427 1370 1527 εὐαγγέλιον,
1389 1429 1553 1508 τουτέστι
1577 1428 1677 1533 παρὰ

574 1568 647 1640 τῶν
675 1558 850 1664 διαδόχων
878 1566 950 1639 τῶν
978 1559 1255 1665 καταρξαμένων
1283 1563 1400 1657 αὐτοῦ,
1424 1563 1485 1647 οὓς
1510 1562 1677 1663 Δοκητᾶς

575 1703 754 1794 καλοῦμεν
775 1692 838 1801 (τὰ
857 1692 926 1796 γὰρ
945 1691 1159 1800 φρονήματα
1184 1691 1229 1771 τὰ
1254 1696 1415 1792 πλείονα,
1432 1697 1572 1775 ἐκείνων
1598 1699 1677 1775 ἐστὶ

531 1836 638 1931 ιοτῆς
656 1831 907 1936 διδασκαλίας)
934 1826 1155 1933 χρησάμενοι
1181 1831 1264 1931 παρ’
1286 1831 1402 1908 αι’πῶν
1428 1834 1589 1909 διελθεῖν·
1619 1833 1677 1909 καὶ

575 1971 686 2071 εὑρεῖν
708 1965 841 2066 τὰμὲν
864 1967 1015 2044 πλείονα
1036 1971 1100 2043 τοῦ
1125 1967 1233 2066 ὀρθοῦ
1261 1964 1375 2065 λόγου
1402 1974 1466 2043 τοῦ
1495 1969 1674 2067 Σωτῆρος·

574 2099 656 2183 τινὰ
699 2100 736 2181 δέ
776 2100 1126 2203 προσδιεσταλμένα,
1164 2096 1188 2176 ἃ
1224 2103 1281 2178 καὶ
1320 2099 1544 2205 ὑπετάξαμεν
1582 2102 1673 2199 ὑμῖν.

577 2236 691 2296 Attulit
706 2235 853 2295 Eusebius
866 2234 917 2294 lib.
931 2235 967 2291 vi.
983 2236 1056 2292 Hirr.
1073 2255 1136 2311 cap.
1157 2253 1201 2291 12.

577 2452 684 2509 iterum
698 2448 735 2507 ad
749 2468 801 2505 vos
815 2447 911 2506 venire
930 2447 1100 2525 properabo.
1153 2448 1265 2505 soribns
1303 2467 1403 2505 eorum
1440 2448 1490 2524 qui
1525 2446 1678 2505 Marciano

535 2529 706 2611 15Proinde
733 2528 839 2587 fratres
866 2528 946 2587 brevi
974 2548 1021 2587 me
1051 2546 1103 2586 ex.
1153 2527 1339 2606 praeiverunt,
1362 2547 1435 2605 quos
1456 2531 1572 2598 Δοκητὰι
1593 2547 1677 2587 vocn-

577 2622 717 2691 spectnte.
768 2609 844 2667 Cum
872 2620 970 2666 nutem
999 2607 1101 2686 depre·
1153 2628 1219 2665 mus
1246 2608 1330 2686 (qnip
1391 2627 1429 2667 ex
1454 2609 1556 2667 horum
1581 2608 1679 2667 schole

577 2690 728 2751 henderim
744 2689 828 2765 cnjus
840 2689 985 2768 opinionis
999 2700 1029 2747 et
1042 2707 1103 2746 seo·
1154 2688 1317 2766 pleraequei
1341 2689 1543 2767 insopiniones
1553 2689 1676 2764 fluxere)

577 2783 615 2831 ιω
629 2771 721 2829 fuerit
736 2770 915 2840 Marcianus,
929 2769 980 2846 qui
999 2780 1030 2826 et
1048 2768 1102 2826 sibi
1155 2768 1270 2846 legendi
1286 2769 1396 2846 copiam
1412 2770 1489 2828 nocti
1508 2789 1625 2828 sumus:
1649 2780 1678 2828 et

577 2853 641 2931 ipse
657 2852 839 2930 repugnabat
858 2869 917 2906 non
937 2848 1104 2926 intelligens
1154 2849 1398 2927 deprehendimus
1413 2850 1505 2908 multa
1516 2850 1633 2927 quidem
1648 2850 1679 2907 in

536 2954 569 2994 ιο
578 2952 643 3010 quae
658 2930 777 2998 diceret,
789 2930 864 2988 sicut
875 2931 1053 3007 cognoscetis
1067 2948 1103 2985 ox
1155 2928 1206 2985 illo
1220 2928 1371 3006 evangelio
1389 2949 1455 2987 cnm
1475 2940 1554 2989 recte
1574 2929 1678 2988 Servo·

577 3013 613 3071 iis
628 3031 693 3088 qnoe
703 3011 740 3069 ad
749 3009 915 3087 vossoripto
926 3020 1003 3067 sunt.
1028 3008 1100 3066 Mu·
1156 3007 1229 3066 toris
1242 3009 1333 3065 nostri
1349 3008 1405 3067 tide
1419 3011 1593 3067 consentire:
1607 3030 1680 3067 non.

577 3093 654 3152 tnati
678 3091 756 3150 enim
784 3089 982 3169 supradictum
1012 3109 1099 3147 evan·
1157 3088 1238 3145 nnlls
1257 3107 1325 3145 vero
1344 3088 1538 3166 discrepantia
1558 3109 1574 3147 n
1592 3099 1680 3148 recte

576 3173 686 3251 gelinm
708 3173 745 3230 ab
765 3171 802 3228 iis
823 3171 873 3247 qui
896 3170 970 3228 illud
992 3169 1100 3228 didice-
1158 3167 1226 3226 fidei
1244 3168 1356 3226 ratione
1374 3168 1511 3246 adjuncto
1528 3188 1600 3239 esse,
1615 3189 1680 3246 quae

576 3263 644 3311 rent
671 3263 702 3310 et
729 3252 867 3310 oontinua
894 3250 1101 3309 exercitatione
1158 3259 1188 3306 et
1202 3259 1297 3307 vestra
1310 3269 1395 3308 causa
1409 3248 1594 3326 subjecimus.
1685 3300 1688 3304 Α

533 3358 566 3418 ²5
576 3342 771 3397 versaverunt,
795 3331 849 3389 hoc
876 3342 921 3390 est
944 3351 961 3388 s
988 3349 1099 3388 sucees-

967 3521 1300 3555 -.—..*-—-—

614 3695 733 3751 Socratis
753 3691 873 3746 historici
889 3689 1073 3744 testimonium
1088 3706 1137 3758 pro
1155 3698 1227 3743 recta
1245 3689 1437 3743 Snssrronrs
1457 3689 1509 3744 fide
1528 3689 1561 3745 de
1581 3689 1681 3745 Christi

574 3768 668 3823 anima
679 3766 814 3825 humana;
834 3760 894 3816 vide
907 3777 989 3829 supra
999 3760 1028 3813 in
1042 3759 1070 3813 S.
1084 3759 1301 3815 Arosmsnsrs
1316 3760 1490 3831 Fragmentis,
1502 3779 1529 3832 p.
1545 3759 1603 3815 162.
