4359 5150
832 1427 1368 1526 APOLLONIUS.

948 1678 1241 1725 -4—

581 1865 618 1937 S.
637 1867 901 1955 Hmsournws,
923 1869 1032 1944 Libro
1047 1870 1106 1945 De
1131 1869 1227 1945 Viris
1247 1869 1459 1955 meotribue,
1482 1894 1557 1966 cap.
1571 1872 1621 1944 xl.

1008 2011 1087 2084 pag.
1107 1993 1190 2060 114

548 2099 937 2229 ‘APOLLONlus
963 2147 1017 2216 vir
1039 2147 1297 2231 disertissimus,
1321 2149 1459 2241 scripsit
1479 2148 1650 2218 adversus

550 2267 777 2353 Montanum,
796 2269 952 2341 Priscam
977 2278 1015 2341 et
1039 2268 1278 2343 Maximillam
1295 2272 1431 2365 insigne
1445 2279 1487 2341 et
1503 2270 1649 2366 longum

548 2394 728 2478 volumen,
752 2390 810 2462 lin
835 2417 905 2485 qno
930 2395 1054 2465 asserit
1079 2393 1298 2465 Montanum
1323 2403 1361 2464 et
1386 2396 1525 2465 insanas
1548 2404 1650 2464 rates

546 2517 692 2610 periisse
717 2519 924 2611 suspendio:
950 2526 988 2590 et
1013 2518 1129 2590 multa
1153 2518 1231 2602 alia,
1249 2518 1431 2612 inquibus
1458 2519 1503 2591 de
1530 2518 1650 2591 Prisca

543 2650 586 2711 et
610 2640 814 2712 Maximilla
838 2643 966 2714 refert:
993 2643 1104 2736 (apud
1127 2642 1258 2715 Enseb
1276 2666 1309 2714 v.
1329 2647 1403 2738 1a)
1451 2642 1501 2717 82
1525 2652 1650 2742 repam

542 2789 605 2837 ces
620 2766 788 2861 occepisse
803 2789 957 2850 memo,
974 2766 1201 2861 confiteantur
1216 2789 1287 2838 nou
1303 2788 1374 2837 eoae
1384 2763 1571 2860 propbetas
1589 2766 1650 2860 qui

543 2890 744 2984 occipiunt:
775 2899 806 2961 et
831 2888 924 2962 mitte
947 2888 1011 2962 boc
1035 2889 1174 2962 testibus
1198 2888 1400 2985 approbabo.
1451 2888 1526 2963 Sed
1548 2898 1581 2960 et
1605 2913 1650 2960 ec·

542 3011 630 3084 aliia
642 3012 823 3109 fructibus
842 3012 1036 3110 probantur
1055 3010 1244 3108 prophete.
1295 3011 1368 3084 Dic
1392 3009 1490 3095 mitt,
1518 3014 1648 3084 crinem

531 3135 643 3231 sucat
658 3134 882 3232 Prophetes?
904 3134 1273 3210 Stibiooouloatiuit?
1301 3133 1491 3230 Prophetes
1503 3133 1649 3207 vestibus

541 3270 579 3332 et
594 3261 739 3359 pemme'o
762 3260 941 3332 ornetur?
966 3257 1158 3355 Prophetes
1180 3256 1294 3331 tabule
1314 3255 1405 3330 ladit
1425 3268 1457 3330 et
1478 3259 1649 3330 tesseris?

544 3382 723 3479 Propheta
733 3383 856 3482 sunus
879 3384 1037 3480 accipit?
1062 3382 1317 3478 Respondeant,
1340 3391 1456 3454 utrum
1483 3379 1546 3453 too
1558 3381 1648 3477 steri

543 3507 656 3593 boeot,
689 3533 736 3581 un
769 3533 864 3581 non:
900 3532 1012 3580 meum
1045 3517 1095 3580 est
1128 3505 1330 3603 approbare,
1360 3505 1453 3601 quod
1479 3504 1645 3603 feceriut.
1766 3518 1768 3524 '

546 3633 646 3706 Dicit
684 3635 722 3704 in
761 3634 888 3705 eodem
925 3632 1016 3703 libro
1055 3631 1361 3725 quadragesimum
1399 3652 1475 3701 esse
1513 3653 1645 3701 annum

542 3781 656 3850 nsque
681 3758 727 3828 ad
752 3766 903 3849 tempus,
929 3779 1000 3848 quo
1025 3756 1101 3847 ipse
1129 3752 1306 3825 scribebat
1336 3751 1476 3835 librum,
1503 3776 1548 3824 ex
1575 3778 1646 3846 qno

585 3990 601 4021 ⁸
615 3980 704 4037 Hunc
726 3977 921 4057 Ephesiorum
944 3976 1105 4035 antistitem
1127 3975 1217 4033 fuisse
1237 3975 1340 4034 asserit
1364 3978 1475 4034 Auctor
1495 3976 1646 4035 Praedesti-

543 4088 606 4142 nati
619 4086 666 4142 De
681 4083 791 4141 Hoeret.
807 4102 870 4161 cap.
885 4083 932 4141 26.
947 4081 1055 4149 nescio,
1067 4101 1156 4158 quam
1172 4101 1248 4139 vere.

583 4186 601 4232 b
617 4190 682 4247 lloc
696 4208 755 4247 non
769 4207 806 4247 ex
821 4185 992 4266 Apollonio,
1007 4184 1058 4244 sed
1073 4195 1104 4243 et
1122 4185 1215 4244 altero
1236 4185 1377 4264 scriptore
1397 4185 1645 4243 Montanistarum

541 4296 717 4361 adversario,
739 4306 837 4353 narrat
857 4293 1006 4352 Eusebius
1028 4312 1056 4350 v.
1075 4291 1124 4352 16.
1148 4291 1327 4349 anmcrus,
1371 4290 1430 4349 Sed
1449 4290 1526 4348 idem
1551 4290 1645 4368 ipsum

542 4401 581 4460 de
595 4402 741 4459 Montano
755 4400 897 4476 sociisque
921 4397 1119 4476 Hieronymus
1138 4396 1254 4455 videtur
1270 4395 1413 4453 invenisse
1430 4394 1508 4473 apud
1522 4391 1646 4471 Apollo-

542 4505 636 4573 nium,
652 4505 736 4581 cujus
749 4523 823 4583 opus
842 4503 979 4561 adversus
994 4500 1110 4559 eosdem
1130 4501 1244 4579 insigne
1261 4508 1287 4558 et
1310 4499 1423 4576 longum
1442 4497 1566 4556 volumen
1582 4498 1648 4576 ipse

586 4620 657 4664 von.
673 4622 695 4665 1.
1058 4614 1077 4680 3
1097 4618 1116 4656 o
