4359 5150
611 458 678 521 284
986 452 1340 520 ANNOTA'I'IONES

611 622 809 708 Epiphanius
829 623 944 686 Hoerss.
961 622 1068 686 xxviii.
1083 644 1112 687 ο.
1134 642 1181 706 13·
1196 620 1299 686 simile
1319 619 1396 705 quid
1416 620 1457 683 de
1476 618 1586 704 populi
1608 618 1712 682 obser·

609 725 719 787 vontio
734 745 810 807 ergo
820 724 994 786 Jaoobum.
1029 721 1193 787 Caeterum
1214 744 1272 809 pro
1288 722 1413 801 ὦβλίαι,
1430 722 1516 806 quod
1531 728 1669 806 praestot
1682 726 1714 783 et

611 824 821 908 Epiphanius,
843 847 914 908 oup.
933 844 962 906 7.
990 826 1111 889 hebent
1137 827 1247 903 ὀβλίας
1268 823 1434 908 Ηοροιὶρρί
1458 826 1608 907 Εποοιγι.
1625 820 1712 885 Bodl.

612 927 832 1011 cedrorumque,
849 928 905 990 sed
920 928 1030 1006 ὀλβίας
1051 927 1197 1011 θοονρίαι
1211 925 1342 1010 Syncell.
1359 947 1430 1009 quoe
1446 926 1574 1011 quidem
1587 921 1714 1007 Georgii

610 1029 769 1112 scripture
783 1029 869 1092 iavet
887 1028 1092 1112 opinantibus
1107 1029 1168 1092 hoo
1190 1049 1305 1092 nomen
1326 1049 1368 1090 επ
1389 1026 1443 1090 illo
1465 1026 1596 1112 Alphaei
1622 1022 1715 1109 origi-

609 1151 684 1193 nem
706 1129 845 1204 duxisse,
872 1151 1006 1214 quorum
1029 1130 1246 1213 ooujeoturum
1268 1137 1426 1193 memoret
1448 1127 1487 1191 el.
1511 1128 1611 1191 Gerb.
1627 1125 1716 1190 Elius

610 1232 742 1295 Diuum.
753 1232 865 1316 Iuauq.
880 1232 915 1295 ιἰι
929 1232 1033 1316 Epist.
1048 1232 1158 1308 Judoe,
1172 1254 1205 1316 p.
1222 1250 1273 1315 23.
1297 1230 1444 1315 Denique
1459 1230 1493 1292 iu
1506 1229 1611 1293 MSS.
1630 1227 1715 1292 Boas.

610 1341 644 1398 et
674 1335 768 1417 Norf.
795 1341 888 1398 extat
912 1333 1064 1397 articulus
1093 1335 1210 1397 tonte
1236 1334 1348 1399 δίκαιοι
1375 1342 1409 1395 et
1434 1332 1561 1409 ὦβλίας,
1588 1329 1623 1392 iu
1650 1328 1714 1393 eod.

612 1436 718 1499 Paris.
735 1436 753 1498 i.
770 1442 846 1499 anto
861 1438 982 1501 tineosos.

655 1540 692 1601 P.
708 1557 779 1622 209.
794 1538 815 1601 1.
825 1558 856 1617 4.
881 1539 921 1604 ὡς
943 1539 972 1600 o!
986 1540 1136 1617 προφῆται
1153 1541 1279 1615 δηλοῦσι
1293 1536 1361 1615 περὶ
1375 1532 1482 1619 αὐτοῦ]
1506 1532 1628 1619 Ecquis
1650 1553 1715 1596 om·

610 1640 697 1703 nium
721 1639 950 1724 prophetarum
971 1637 1041 1701 haeo
1057 1637 1098 1701 de
1114 1639 1137 1700 J
1139 1638 1239 1701 uoobo
1253 1636 1396 1722 profert!
1441 1638 1500 1700 Ait
1525 1636 1627 1700 etiem
1642 1634 1714 1698 Soa-

610 1742 690 1827 ligor
714 1744 755 1805 ad
772 1743 891 1805 Chron.
907 1741 1047 1813 Eusebii,
1064 1741 1221 1805 “Vellem
1238 1740 1423 1805 testimonis
1449 1740 1520 1825 ipss
1542 1740 1714 1825 propheto·

611 1852 719 1905 “rum
744 1842 962 1906 adduxisset.’‘
1008 1844 1061 1906 Ad
1082 1842 1187 1907 Essiae
1210 1841 1325 1918 looum,
1349 1843 1467 1922 ἄρωμεν
1488 1843 1537 1907 vel
1567 1842 1714 1923 δήωμεν,

611 1944 665 2008 τὸν
680 1946 793 2008 δίκαιον
807 1944 864 2007 &e
887 1966 980 2027 quem
1002 1944 1096 2008 affert
1122 1945 1156 2007 iu
1176 1944 1383 2029 sequentibus
1406 1944 1625 2030 Hegssippus,
1647 1944 1715 2009 haeo

613 2067 738 2131 quoque
763 2046 860 2108 verba
889 2046 1058 2130 pertinere,
1086 2045 1210 2129 opinari
1236 2068 1271 2109 se
1296 2046 1375 2111 dioit
1400 2046 1552 2112 Valesius
1577 2046 1715 2119 ibidem

612 2148 707 2231 idque
722 2154 808 2211 reete
823 2147 939 2223 forsan,
955 2147 1011 2210 sed
1022 2168 1143 2220 revers,
1157 2162 1194 2211 ut
1206 2154 1300 2212 notat
1315 2148 1454 2213 Grebius
1468 2156 1549 2213 torn.
1561 2148 1597 2211 ii.
1608 2148 1716 2234 Spissi.

614 2250 673 2313 SS.
695 2250 839 2321 Pomm,
874 2271 907 2332 p.
933 2266 993 2332 255
1042 2256 1061 2284 “
1073 2248 1142 2312 haeo
1171 2250 1314 2313 oratorio
1344 2250 1519 2335 Soripturae
1544 2248 1716 2335 epplioetio

613 2350 728 2435 potius,
746 2358 765 2386 ‘'
782 2372 878 2435 quam
893 2349 1072 2435 theologice
1081 2350 1252 2435 explioutio
1266 2350 1420 2415 videtur?

659 2451 740 2515 Ibid.
756 2452 776 2515 1.
786 2472 816 2535 5.
842 2458 901 2514 τῶν
917 2454 951 2514 ἐν
964 2456 1005 2536 τῷ
1019 2456 1094 2537 λαῷ,
1110 2454 1384 2533 προγεγραμμένων
1394 2479 1447 2533 μοι
1461 2455 1499 2517 ἓν
1509 2460 1573 2520 τοῖς
1587 2453 1716 2533 ὑπομή-

613 2554 722 2640 pantu]
757 2553 842 2618 Vide
878 2554 980 2618 loourn
1018 2576 1115 2640 supro
1140 2554 1334 2639 exscriptum
1363 2577 1436 2640 peg.
1465 2572 1539 2620 201.
1586 2555 1716 2620 Absuut

614 2676 706 2716 voees
722 2657 755 2717 ἔν
770 2656 809 2739 τῷ
824 2655 1098 2719 susurronum
1116 2655 1227 2731 savit,
1242 2656 1297 2718 sed
1308 2655 1389 2718 male
1405 2656 1555 2740 Goorpius
1563 2655 1717 2741 Sfflsoellss

615 2759 752 2838 τῷλόγῳ
768 2758 984 2837 γεγραμμένων
1006 2785 1056 2834 μοι
1080 2762 1113 2820 ἓν
1136 2764 1196 2824 τοῖς
1210 2758 1427 2837 ὑπομνήμασιν,
1444 2757 1633 2841 omittitque
1657 2764 1717 2822 τοῖς

615 2859 778 2942 Ηοροοιῗρρο
807 2861 992 2943 Escerptum
1027 2860 1115 2922 Bodl.
1176 2860 1240 2922 Hie
1270 2867 1378 2921 autem
1407 2865 1495 2934 notu,
1523 2860 1716 2937 ὑπομνήματα

616 2957 718 3039 ipsum
741 2981 809 3020 esse
832 2959 1005 3044 Hegesippi
1030 2983 1119 3043 opus,
1135 2962 1224 3043 eujus
1243 2960 1424 3043 fragmenta
1446 2959 1608 3033 sistimus;
1634 2960 1714 3044 quod

615 3061 741 3142 quidem
758 3061 865 3143 liquet,
883 3085 954 3125 ourn
970 3085 1009 3124 ex
1023 3063 1094 3126 aliis
1110 3064 1240 3126 Eusebii
1255 3062 1368 3134 vorbis,
1386 3070 1455 3125 tum
1471 3084 1510 3124 ex
1525 3061 1587 3125 illis
1603 3062 1635 3124 in
1648 3084 1713 3145 cop.

615 3161 690 3223 xxii.
715 3162 768 3224 lib.
795 3182 845 3240 αα.
882 3163 921 3226 ‘0
949 3166 1005 3243 μὲν
1031 3167 1084 3227 οὖν
1100 3164 1291 3245 Ἡγήσιππος
1317 3167 1350 3227 ἐν
1375 3164 1466 3226 πέντε
1491 3170 1554 3229 τοῖς
1578 3167 1621 3230 εἰς
1643 3166 1714 3242 ἡμᾶς

616 3266 757 3326 ἐλθοῦσιν
771 3266 987 3344 ὑπομνήμασιν.

660 3365 741 3427 Ibid.
756 3366 777 3428 l.
796 3385 823 3448 7.
848 3370 891 3432 τίς
910 3369 927 3444 ἡ
942 3370 1014 3446 θύρα
1031 3372 1081 3430 τοῦ
1094 3367 1211 3453 Ἰησοῦ]
1237 3367 1362 3431 Ostium
1377 3367 1437 3430 hoo
1457 3367 1527 3429 loco
1549 3375 1600 3430 est
1616 3367 1713 3431 intro·

615 3469 732 3541 ductio,
761 3492 815 3531 seu
839 3469 999 3532 institutio
1021 3478 1119 3552 atquo
1143 3469 1290 3532 initiatio.
1336 3470 1462 3532 Ostium
1478 3468 1576 3553 igitur
1594 3469 1714 3532 Christi

615 3569 692 3630 nihii
708 3577 757 3632 est
772 3571 867 3643 aliud,
884 3593 979 3654 quarn
1007 3572 1086 3634 fides
1101 3572 1132 3632 in
1149 3571 1253 3632 Deum
1277 3570 1335 3634 Pei
1344 3592 1410 3632 rem
1433 3577 1466 3633 et
1489 3569 1521 3632 in
1545 3570 1715 3634 Filiumao

617 3672 769 3754 Spiritum
786 3681 940 3736 sunctum.
987 3674 1106 3735 Dehoo
1121 3673 1203 3735 ostio
1219 3673 1335 3736 dieitur
1350 3672 1381 3734 in
1394 3671 1549 3734 Psalmis:
1578 3673 1715 3735 Haeoest

615 3781 709 3855 porta
722 3774 859 3850 Domini,
873 3784 906 3837 et
914 3775 992 3858 justi
1009 3776 1177 3839 intrabunt
1192 3797 1248 3858 por
1263 3797 1343 3850 eom,
1361 3783 1398 3837 ut
1412 3773 1551 3857 explieat
1569 3773 1715 3837 Olemeus

614 3874 646 3934 in
662 3874 714 3934 lib.
732 3874 771 3934 vi.
787 3875 999 3953 Στρωματέων.
1047 3875 1091 3938 Et
1112 3876 1228 3939 ostium
1248 3875 1376 3958 quidem
1397 3875 1421 3937 ,J
1423 3874 1536 3938 oannis
1554 3874 1713 3958 Baptistae

615 3982 686 4037 erat
701 3976 889 4057 poenitentia
907 4001 913 4038 :
937 3977 1055 4039 Christi
1070 3999 1144 4039 vero
1160 3977 1276 4040 ostium
1292 3986 1341 4039 est
1353 3975 1495 4038 remissio
1510 3983 1715 4059 peecatorum

616 4096 687 4156 quae
710 4076 747 4139 fit
771 4100 828 4160 per
853 4079 1055 4161 baptismum.
1080 4081 1238 4142 Vnnnuus.
1284 4079 1430 4143 Christus
1448 4079 1515 4161 ipse
1541 4078 1633 4147 dixit,
1656 4079 1713 4158 ee

617 4179 675 4253 εἰμι
690 4180 707 4255 ἡ
723 4181 795 4256 θύρα
812 4181 875 4258 (J0.
889 4203 919 4241 x.
932 4201 961 4259 7,
973 4182 1018 4256 ο.)
1036 4189 1069 4243 et
1084 4181 1137 4243 illa
1148 4203 1210 4243 vox
1225 4182 1264 4243 de
1280 4181 1411 4244 Christo
1427 4180 1624 4263 Apostoliois
1636 4188 1713 4243 torn·

615 4278 746 4362 poribus
761 4281 897 4342 maxime
920 4282 980 4344 fuit
1003 4289 1166 4364 usurpata,
1183 4283 1267 4344 unde
1283 4282 1337 4344 ille
1351 4282 1540 4344 Judaeorum
1560 4283 1603 4345 nd
1617 4282 1712 4345 Jaoo

616 4381 692 4443 bum
708 4380 728 4442 J
731 4390 849 4456 ustum,
865 4382 1050 4461 ἀπάγγειλον
1072 4384 1142 4460 ἡμῖν
1157 4385 1201 4450 τίς
1215 4385 1233 4462 ἡ
1249 4386 1322 4463 θύρα
1336 4389 1388 4445 τοῦ
1401 4381 1502 4459 Ἰησοῦ
1518 4387 1570 4445 τοῦ
1585 4409 1712 4463 σταυραι

616 4481 729 4546 θέντος.
775 4483 863 4544 Doce
888 4504 946 4544 nos
970 4484 1053 4565 quod
1075 4484 1118 4546 sit
1142 4485 1258 4548 ostium
1278 4485 1358 4548 Jesu
1380 4483 1532 4559 crucifixi,
1556 4493 1595 4548 ut
1617 4484 1711 4547 refert
