4359 5150
592 444 635 507 78
962 445 1315 512 ANNOTATIONES

593 609 718 674 unctes
724 613 871 695 perficere
885 633 914 675 ee
934 612 1049 689 elimat,
1065 613 1245 677 masmae
1263 624 1362 677 cutem
1375 635 1487 698 pateres
1507 616 1630 679 iscam
1646 616 1689 699 (id

592 718 643 775 est
657 711 845 797 impuberes,
861 713 908 777 ait
930 714 1141 795 Massuetus),
1157 723 1183 778 et
1202 714 1298 779 oseba
1315 715 1484 780 deludentes
1502 727 1532 781 ct
1546 716 1689 801 paona

591 823 676 877 mata
704 814 883 879 oamdcates
911 816 1023 880 statim
1053 816 1223 893 cessantia,
1253 823 1287 880 et
1316 838 1355 880 ne
1381 817 1510 900 quidem
1534 818 1691 882 stillicidio

591 915 745 1000 temporis
770 916 1015 1001 perseverantia,
1041 938 1101 981 coa
1123 917 1199 981 Jcsa
1222 917 1354 981 Domino
1376 927 1474 981 natm
1494 918 1550 982 scd
1574 920 1692 984 Simoni

590 1038 677 1101 maye
690 1017 804 1082 amida
817 1017 1019 1082 meatur.
1064 1016 1220 1082 Conferas
1234 1026 1268 1082 et
1288 1019 1468 1082 Amobium
1480 1019 1553 1083 ado.
1575 1022 1689 1097 Gerae,

589 1115 611 1180 i.
625 1135 679 1202 43.

634 1218 673 1283 P.
687 1234 704 1299 7
707 1237 738 1302 5.
754 1219 774 1282 l.
788 1236 816 1301 7.
842 1220 871 1282 ol
885 1220 936 1282 οὐκ
952 1219 1111 1304 ὤφθησαν]
1135 1220 1242 1284 Abest
1261 1220 1428 1285 relativum
1444 1221 1472 1284 oi
1491 1243 1513 1284 a
1532 1222 1691 1286 codicibus

591 1319 797 1398 Florentinis,
823 1342 902 1405 quos
931 1320 1067 1385 contulit
1096 1322 1239 1385 «Iacobus
1267 1323 1447 1386 Gronovius
1475 1322 1573 1407 idque
1602 1323 1690 1387 facile

589 1421 701 1486 abesse
728 1443 820 1507 posse
846 1422 901 1485 ait.
947 1421 1051 1484 Addit
1072 1422 1213 1485 codicem
1239 1423 1318 1486 Por.
1335 1423 1356 1486 i.
1378 1424 1552 1487 Bur-tonus.
1581 1423 1689 1510 Neque

589 1523 734 1608 agnoscit
748 1523 825 1586 illud
841 1523 1000 1607 Georgius
1016 1522 1179 1607 Syncellns
1193 1524 1226 1586 in
1244 1524 1490 1610 Okrcaopruplio
1500 1546 1559 1589 sua
1574 1547 1606 1610 p.
1617 1526 1688 1607 448.

589 1624 639 1687 ed.
655 1624 753 1689 Goar.
771 1624 825 1708 qui
839 1630 874 1688 et
888 1624 1018 1688 inferius
1033 1624 1133 1688 habet
1148 1626 1197 1687 ἐπὶ
1212 1626 1310 1709 χρόνῳ
1327 1626 1416 1710 ἱκανῷ
1434 1646 1494 1709 pro
1510 1627 1559 1689 ἐπὶ
1579 1629 1688 1708 χρόνον

590 1723 701 1799 ἱκανὸν,
718 1747 792 1789 nam
807 1726 851 1789 ibi
872 1726 1030 1809 repetitur
1043 1746 1084 1788 ex
1100 1726 1250 1802 Eusebio,
1265 1726 1321 1789 scd
1335 1733 1485 1811 corrupte
1504 1727 1686 1804 admodum,

587 1829 674 1907 ῥῆσις
687 1828 756 1891 haec
770 1827 912 1891 illustris.

633 1927 718 1991 Ibid.
742 1929 820 1992 ὥστε
846 1930 894 1992 καὶ
918 1931 961 1995 εἰς
984 1928 1051 1995 τοὺς
1074 1928 1233 2009 ἡμετέρους
1253 1931 1378 2012 χρόνους
1400 1931 1478 1996 τινὲς
1500 1929 1599 1994 αὖτόν
1620 1932 1687 2011 dpl-

589 2027 688 2112 κοντο]
704 2029 801 2092 αὐτῶν
815 2050 836 2093 a
855 2029 1026 2113 Niccploro
1045 2029 1147 2093 abest.
1194 2028 1302 2093 Facile
1321 2028 1429 2113 potuit
1447 2027 1592 2093 accidere
1607 2029 1687 2110 Qua-

587 2128 683 2193 drato
710 2130 871 2194 Hadriani
895 2129 1093 2212 temporibus
1119 2130 1174 2213 qui
1196 2130 1333 2215 scripsit,
1359 2137 1396 2194 ut
1418 2128 1511 2193 simul
1533 2151 1607 2193 cum
1629 2129 1687 2193 illis

587 2228 717 2303 viveret,
733 2252 813 2314 quos
835 2230 988 2294 Servator
1008 2230 1171 2294 hominum
1185 2231 1234 2295 vel
1256 2237 1436 2307 sanaverat,
1455 2229 1504 2293 vel
1525 2230 1569 2294 ad
1590 2229 1687 2295 utam

587 2329 738 2395 divinitus
763 2339 977 2396 revocaverat.
1023 2330 1127 2395 Taceo
1157 2333 1197 2395 de
1229 2332 1384 2417 Agrippae
1417 2330 1553 2394 Minoris
1583 2333 1683 2404 annis,

588 2453 651 2515 quo
665 2439 824 2516 praesente
839 2431 959 2495 Paulus
973 2432 1138 2517 apostolus
1151 2453 1281 2497 causam
1296 2431 1388 2506 dixit,
1405 2431 1555 2514 quoniam
1571 2430 1688 2495 Photio

587 2554 628 2596 ex
656 2532 755 2597 Justo
789 2532 958 2596 Tiberiade
993 2539 1124 2597 atatem
1162 2534 1231 2618 ejus
1266 2532 1527 2597 commemoranti
1556 2531 1591 2595 in
1619 2532 1687 2597 cod.

588 2657 715 2698 xxxrrr.
730 2635 923 2699 Bibliotheca
945 2657 1020 2711 suae,
1036 2636 1164 2719 plurimi
1184 2637 1243 2700 viri
1263 2635 1381 2699 eruditi
1398 2640 1456 2698 aut
1475 2655 1539 2696 non
1560 2654 1688 2698 consen·

586 2736 681 2812 tiunt‚
698 2743 755 2799 aut
771 2736 885 2800 vitiata
904 2737 1000 2799 verba
1016 2736 1036 2798 J
1039 2737 1102 2800 usti
1124 2737 1331 2812 existimant;
1353 2737 1409 2799 sed
1424 2735 1573 2819 Cleopbae
1594 2735 1687 2811 lilius,

587 2836 779 2919 Dominiquo
793 2836 816 2898 J
819 2859 873 2899 esu
889 2837 1025 2899 sortasse
1040 2838 1141 2901 srater
1160 2838 1313 2921 patruelis
1333 2845 1390 2900 aut
1405 2836 1624 2913 consobrinus,
1638 2837 1688 2900 hic

586 2945 636 3001 est
661 2938 806 3021 Symeon,
834 2937 1064 3022 Hierosolymae
1087 2940 1265 3023 episeopus,
1291 2947 1432 3022 umento
1465 2937 1612 3019 Trojano,
1639 2937 1688 3001 cui

587 3038 774 3102 Hadrianus
789 3038 840 3101 ille
863 3039 1024 3111 succcssit,
1042 3041 1126 3102 cruci
1148 3042 1273 3103 demum
1296 3039 1409 3101 affixus
1433 3044 1491 3101 est.
1532 3037 1572 3099 Id
1588 3037 1689 3102 tradit

587 3139 789 3224 Hegesippus
815 3140 901 3223 apud
926 3139 1099 3202 Eusebium
1126 3140 1178 3203 lib.
1196 3141 1238 3203 iii.
1255 3140 1337 3202 Har.
1362 3157 1452 3221 c.3a.
1498 3137 1601 3201 Porro
1622 3138 1688 3222 ipse

586 3263 711 3326 quoque
737 3242 921 3321 Quadratus
947 3241 1040 3304 simul
1066 3263 1138 3304 cum
1166 3242 1305 3325 Philippi
1335 3239 1536 3324 evangelistas
1562 3239 1689 3304 filiabus

585 3342 727 3406 floruisse
743 3342 860 3406 dieitur
878 3343 920 3405 ab
936 3343 1076 3406 Eusebio
1097 3343 1130 3405 in
1145 3365 1213 3427 cap.
1225 3358 1277 3424 37.
1293 3343 1393 3425 ejusd.
1409 3342 1462 3404 lib.
1509 3343 1594 3405 Sane
1614 3364 1689 3407 vero

585 3443 663 3506 nihil
693 3465 819 3506 neccsse
848 3444 954 3519 fuerit,
985 3445 1027 3508 ad
1057 3466 1176 3508 annum
1206 3444 1475 3528 septuagesimum
1508 3445 1689 3527 pervenisse

585 3565 718 3628 puerum
734 3545 868 3628 exempli
887 3545 1002 3629 gratia,
1019 3553 1076 3609 aut
1100 3545 1249 3630 puellam,
1266 3567 1345 3629 quos
1365 3543 1511 3608 Ohristus
1532 3545 1689 3609 advitam

585 3654 798 3718 revocaverat,
819 3646 846 3708 si
868 3646 923 3710 isti
945 3669 1044 3730 usque
1064 3648 1107 3710 ad
1123 3646 1282 3716 Quadrati
1303 3647 1371 3729 jam
1393 3646 1536 3709 adultam
1558 3656 1689 3711 aetatem

585 3748 773 3830 superstites
788 3756 903 3811 essent.
950 3749 1001 3810 De
1017 3749 1173 3828 Quadrati
1193 3755 1301 3811 autern
1321 3747 1412 3811 annis
1432 3748 1592 3811 monuisse
1607 3771 1689 3812 nunc

585 3849 677 3911 video
702 3850 909 3913 Pearsonium
935 3852 991 3934 Op.
1008 3852 1172 3927 Postumis,
1195 3850 1279 3913 Diss.
1298 3851 1328 3913 ii.
1353 3872 1379 3913 c.
1397 3868 1446 3934 15.
1470 3872 1501 3934 p.
1520 3849 1594 3928 284.
1619 3873 1689 3935 quae

585 3958 779 4034 sequuntur;
806 3952 1021 4032 “Quadratus
1041 3952 1104 4027 ille,
1124 3953 1341 4035 apostolorum
1359 3950 1541 4035 discipulus,
1557 3951 1599 4013 ab
1621 3952 1688 4015 Eu·

587 4051 711 4114 “sebio
727 4052 843 4115 dicitur
862 4074 909 4115 10.
927 4053 1095 4128 Hadriani,
1112 4053 1172 4116 hoc
1187 4061 1236 4116 est
1252 4053 1371 4118 Christi
1387 4068 1455 4131 127.
1471 4073 1566 4126 anno,
1582 4052 1690 4136 apolo-

587 4161 607 4190 “
622 4153 708 4236 giam
731 4154 893 4231 obtulisse,
917 4162 950 4217 et
973 4177 1011 4216 ex
1036 4155 1074 4217 iis
1097 4155 1201 4217 verbis
1216 4154 1272 4238 (ab
1297 4154 1436 4217 Eusebio
1457 4153 1579 4238 allatis)
1601 4155 1688 4218 anti·

587 4254 780 4335 “quitatem
818 4277 907 4317 suam
942 4255 1140 4328 ostendisse;
1188 4277 1286 4338 quare
1324 4255 1377 4317 diu
1414 4261 1490 4317 ante
1523 4254 1691 4339 imperium

587 4362 607 4389 “
624 4353 793 4432 Hadriani,
819 4356 882 4418 imo
909 4357 962 4417 diu
986 4363 1063 4419 ante
1089 4355 1211 4419 obitum
1235 4356 1268 4418 S.
1280 4356 1427 4432 Joannis,
1453 4378 1507 4419 eos
1527 4358 1688 4438 (sanatos)

587 4465 607 4491 “
622 4457 728 4519 videro
743 4479 808 4540 prae
824 4464 922 4520 aetate
938 4456 1072 4540 potuit.”
