4359 5150
543 441 606 506 142
910 439 1274 508 ANNOTA'l'lONES

542 611 650 675 chorio
663 611 893 676 recentioribus
904 613 976 676 hine
988 612 1061 676 inde
1073 614 1213 677 oollsetae
1229 621 1315 678 sunt.
1360 614 1523 698 Quidquid
1537 622 1642 679 auten

541 713 582 776 de
597 715 769 794 praeterqu
788 713 941 777 librorum
958 713 1107 778 Eucherii
1127 715 1295 794 statuitur,
1310 724 1398 780 certe
1418 738 1500 800 opus
1520 716 1643 801 quidem

543 815 669 879 Clavem
683 816 804 879 dictum
820 837 883 879 non
897 825 1002 880 tetum
1016 839 1037 879 a
1053 816 1208 881 Melitene
1223 817 1351 881 secundi
1367 818 1475 882 saeculi
1490 818 1643 902 scriptore

540 916 637 980 fuisse
652 918 862 1001 compositum
876 917 1003 982 aliunde
1017 918 1144 982 abunde
1160 925 1297 983 constat.
1344 918 1394 982 En
1409 919 1495 983 enim
1514 943 1556 985 ex
1575 920 1645 983 aliis

541 1021 623 1084 hane
636 1020 783 1104 glossam.
832 1021 905 1084 Tres
919 1021 964 1083 od
974 1020 1279 1104 trinodemfidelirun
1292 1019 1523 1106 professionem,
1538 1023 1578 1087 id
1595 1034 1645 1100 st,

541 1122 725 1198 cesarea,
741 1123 958 1196 memmerunt,
975 1132 1002 1186 et
1024 1122 1202 1208 eonjupem
1226 1123 1263 1186 de
1283 1123 1340 1187 loc
1360 1124 1526 1209 tripertita
1547 1125 1584 1188 ia
1604 1147 1644 1190 ee·

542 1223 634 1287 decio
641 1223 828 1307 professione
837 1244 898 1305 per
911 1222 1096 1287 Euclidem
1110 1224 1196 1287 Deus
1214 1222 1357 1308 loquitur,
1375 1226 1432 1288 dre.
1480 1225 1646 1290 Proferam

542 1326 610 1389 haee
633 1345 757 1409 quoque
780 1325 893 1397 verba3
924 1325 1038 1388 Hostia
1058 1324 1213 1408 pacifica·
1240 1347 1315 1409 optes
1335 1328 1565 1406 mbeiwrrlioe,
1579 1352 1646 1415 que

542 1427 609 1491 ideo
631 1427 728 1490 leutio
743 1427 878 1510 pacifico
896 1426 1080 1510 adpellem,
1096 1449 1126 1489 eo
1140 1427 1221 1511 qued
1238 1428 1316 1491 besti
1334 1427 1452 1493 diabolo
1471 1431 1605 1504 resistet,
1619 1439 1647 1496 st

542 1532 609 1594 Dee
623 1530 767 1593 herniaem
787 1529 965 1592 rcwrroiliet.
1011 1530 1054 1592 Ie
1068 1528 1203 1605 Psalmo,
1224 1526 1335 1593 Tollite
1354 1530 1465 1595 lenior
1486 1542 1514 1595 et
1534 1533 1647 1598 inbuta

541 1633 575 1695 ia
589 1633 674 1696 atria
688 1632 759 1713 ojea
807 1630 872 1693 Ubi
888 1632 929 1694 ad
945 1631 1120 1715 marginem
1136 1631 1261 1695 notavit
1274 1631 1399 1716 aliquis,
1415 1633 1541 1697 Allucio
1556 1634 1645 1699 beatu

540 1733 586 1797 od
597 1733 732 1807 dealbes,
742 1755 810 1816 quoe
825 1733 946 1795 eusebi
960 1756 981 1796 e
992 1733 1107 1795 Latino
1117 1732 1259 1816 quopiam
1271 1734 1436 1817 eampum
1445 1735 1496 1797 sit.
1527 1736 1645 1820 ltaque

540 1835 769 1899 additamentis
797 1844 927 1897 auctum
956 1834 1061 1911 luisse,
1087 1835 1127 1897 de
1157 1856 1220 1919 quo
1245 1835 1380 1920 agimm,
1408 1833 1562 1912 libellum,
1588 1857 1645 1920 pre

541 1951 630 1999 certe
644 1935 836 1998 credendum
851 1958 918 1998 esse
933 1934 1091 2009 dicerem3
1106 1943 1143 1998 ut
1154 1934 1180 1997 si
1192 1957 1212 1998 a
1223 1933 1378 1998 Melitene
1387 1934 1484 1999 luerit
1496 1935 1643 2021 scriptus,

542 2038 626 2123 qued
656 2038 742 2099 haud
768 2037 956 2121 negaverim,
982 2037 1138 2100 sincerum
1165 2045 1274 2100 tamen
1299 2043 1398 2120 atque
1425 2036 1643 2123 incorruptum

541 2162 623 2223 opus
638 2138 821 2222 neutiquam
840 2138 960 2202 censeri
981 2137 1014 2200 id
1034 2138 1161 2201 debeat.
1206 2137 1363 2221 Relinque
1385 2149 1495 2203 autem
1517 2161 1578 2224 pro
1600 2142 1643 2204 in·

541 2238 658 2302 stituto
674 2259 753 2313 mee,
770 2258 964 2321 quaecunque
986 2237 1109 2301 incerta
1130 2245 1216 2313 sunt,
1232 2258 1273 2300 ex
1295 2238 1409 2322 quibus
1430 2240 1578 2324 proiecto
1600 2240 1642 2303 nil

542 2338 601 2403 nisi
616 2340 772 2403 incertum
787 2340 1006 2424 colligendum.

586 2442 649 2505 Sed
664 2451 834 2526 postquam
849 2442 1013 2525 superiora
1027 2441 1150 2527 scripsi,
1166 2441 1325 2506 addidisse
1336 2442 1481 2526 quaedam
1498 2443 1539 2506 de
1550 2465 1644 2529 opere

542 2543 605 2608 iste
625 2555 722 2627 atque
746 2545 786 2606 ‹le
808 2543 914 2608 codiee
934 2543 1183 2609 Claramentane
1213 2542 1416 2609 Gallarrdium
1446 2555 1643 2631 compertum

543 2646 637 2709 habui
660 2647 691 2708 iu
711 2646 922 2730 l'rolegennn.
945 2657 1022 2710 tom.
1045 2647 1069 2708 Ι.
1094 2647 1178 2711 Bibe.
1203 2649 1273 2710 ΡΡ.
1292 2670 1318 2710 e.
1342 2667 1390 2726 24.
1411 2671 1442 2731 p.
1463 2671 1535 2711 cxx.
1562 2649 1644 2713 “Ex

543 2756 563 2784 “
577 2748 636 2810 hae
656 2748 744 2810 (aaa
760 2749 942 2832 Sor-ipim,
960 2749 1074 2832 inquit,
1090 2750 1254 2813 desumtus
1269 2750 1350 2812 forte
1366 2750 1452 2812 loeus
1467 2750 1518 2813 ille
1534 2753 1588 2836 qui
1603 2753 1643 2814 ad

544 2859 562 2886 “
581 2853 685 2913 Genea.
718 2851 792 2913 xxii.
824 2872 867 2934 ¹3·
893 2853 925 2913 in
952 2852 1056 2914 bibliis
1080 2853 1214 2916 Sixtinis
1241 2854 1285 2917 sie
1311 2876 1331 2916 a
1353 2853 1481 2917 Nobilio
1504 2856 1642 2919 citatur:

544 2961 564 2990 “
583 2953 705 3026 Melite,
733 2956 832 3035 Syrus
855 2963 881 3015 et
904 2953 1054 3016 Hebroees
1082 2955 1199 3032 diceet,
1230 2956 1418 3036 κρεμάμενος,
1444 2957 1589 3040 maere,
1613 2966 1645 3020 ut

544 3064 563 3089 ‘⁶
577 3055 768 3137 ercoeeifcstias
782 3057 928 3138 cffieperet
942 3078 1067 3119 crucem.
1084 3056 1176 3134 (Vid.
1188 3080 1283 3142 supra
1297 3080 1370 3142 pag.
1386 3064 1470 3138 124.)
1496 3061 1644 3123 Ceterum

544 3169 563 3194 “
581 3180 677 3240 quum
693 3158 822 3221 Orosius
837 3158 958 3240 pridem
975 3157 1008 3218 in
1023 3180 1056 3220 se
1078 3159 1249 3242 recepisset
1271 3168 1372 3223 semet
1387 3160 1550 3223 editurum
1574 3183 1644 3226 cum

542 3261 649 3323 “aliis
671 3260 893 3323 ecclesiasticae
914 3260 1119 3343 antiquitatis
1134 3262 1355 3337 monumentis,
1379 3262 1547 3345 antiquam
1564 3264 1645 3327 illius

541 3373 562 3399 ‘⁶
578 3364 683 3446 operis
707 3362 879 3424 versionem
902 3384 973 3424 eum
996 3362 1271 3427 emendationibus
1287 3363 1526 3442 sirmondianis,
1543 3388 1645 3450 neque

543 3474 562 3499 “
578 3486 717 3547 unquam
733 3464 818 3546 quod
834 3464 960 3546 quidem
976 3464 1073 3526 seiam
1099 3465 1261 3548 premissis
1287 3467 1450 3530 stetisset:
1474 3486 1645 3551 propterea

541 3574 561 3602 “
578 3567 752 3629 amicorum
788 3566 927 3649 optimus
960 3588 1031 3628 mee
1067 3566 1194 3630 nemine
1229 3567 1270 3630 ad
1301 3568 1402 3630 virum
1431 3569 1644 3652 perillustrem

544 3680 562 3701 ‘⁸
580 3667 711 3729 Parisiis
725 3681 873 3750 agentem
888 3668 1013 3730 litteras
1029 3670 1234 3751 perferendas
1249 3670 1383 3743 curavit,
1398 3671 1513 3754 quibus
1524 3680 1594 3735 tum
1606 3673 1644 3736 de

543 3778 561 3804 “
579 3768 638 3830 hoc
657 3769 820 3832 Melitenis
836 3792 931 3852 opero
947 3768 1180 3845 sciscitabatur,
1194 3779 1262 3835 tum
1287 3773 1326 3834 de
1341 3773 1410 3856 ipse
1425 3773 1533 3836 codiee
1550 3796 1642 3839 manu

543 3880 563 3908 “
580 3878 713 3934 exarato
725 3872 931 3934 describendo
941 3871 1103 3934 consilium
1114 3873 1317 3956 studiumque
1326 3874 1501 3958 aperiebat.
1527 3878 1643 3940 Verum

543 3981 562 4008 “
579 3974 674 4035 abeo
691 3972 731 4034 V.
749 3975 786 4034 C.
802 3994 987 4057 responsum
1010 3973 1085 4036 tulit
1108 3974 1305 4056 hujusmodi:
1331 3975 1376 4038 Le
1391 3976 1467 4038 livre
1483 3979 1578 4062 qu'en
1592 3981 1644 4043 dc

543 4083 562 4110 “
578 4075 722 4138 maudoit
746 4098 819 4138 sous
845 4076 874 4138 le
899 4096 972 4136 nem
999 4076 1038 4136 de
1064 4082 1166 4150 Κλεῖς,
1190 4099 1246 4140 seu
1270 4077 1376 4140 Clanis
1391 4079 1550 4144 Melitenis
1570 4083 1642 4145 Sor·

544 4188 562 4212 “
577 4178 697 4253 diesis,
725 4177 797 4238 MS.
825 4177 868 4238 du
895 4176 1022 4260 College
1048 4177 1088 4239 de
1115 4177 1290 4252 Clermont,
1316 4190 1366 4243 est
1391 4202 1452 4243 une
1475 4185 1589 4266 espece
1605 4184 1643 4247 de

543 4291 560 4317 ‘⁶
579 4279 775 4344 Dictienaire
791 4302 832 4341 eu
849 4278 1061 4341 Vocabulaire
1080 4279 1303 4363 interpretatis
1319 4283 1375 4345 des
1397 4292 1482 4348 mets
1504 4285 1643 4350 difficiles

542 4390 562 4418 ‘⁴
579 4380 619 4444 de
633 4380 806 4443 l'Eeriture
821 4379 933 4443 sainte.
979 4379 1045 4442 Son
1061 4380 1214 4444 veritable
1229 4381 1306 4444 titre
1329 4392 1400 4447 est:
1424 4386 1557 4451 Miletus
1571 4388 1643 4473 (sie)

543 4492 564 4521 “
580 4485 718 4547 Asianus
752 4482 927 4566 meropes:
964 4481 1043 4544 laec
1072 4481 1183 4546 libram
1213 4484 1322 4560 edidit,
1352 4507 1436 4570 errem
1466 4499 1495 4552 et
1520 4512 1644 4576 coeptae
