4359 5150
601 443 665 513 194
983 443 1337 511 ANNOTATIONES
1455 502 1460 510 .

598 613 618 678 3
620 613 673 677 3¹·
718 594 902 678 Utcumque
923 617 975 659 res
996 596 1105 675 habet,
1120 597 1226 682 magni
1249 597 1400 662 momenti
1420 607 1470 663 est
1488 599 1531 663 ob
1545 619 1702 664 summam

598 694 667 778 ejus
688 695 917 778 antiquitatem
939 695 999 759 hoc
1025 698 1170 781 Dionysii
1192 698 1419 776 testimonium,
1435 706 1506 763 tum
1526 722 1603 765 vero
1625 700 1702 764 illud

599 797 804 874 Tertulliani,
826 799 880 881 qui
907 820 987 883 pene
1013 800 1156 883 ejusdcm
1185 801 1338 885 temporis
1363 802 1435 878 fuit,
1456 801 1485 865 is
1512 802 1608 880 euim,
1632 825 1702 866 cum

597 900 731 964 dixisset
750 901 782 963 in
802 901 855 963 lib.
871 901 911 964 iv.
926 901 998 963 ado.
1014 903 1172 965 Marcion.
1188 925 1258 987 cap.
1275 917 1305 987 5.
1322 912 1350 966 ot
1367 904 1497 967 Petrum
1515 914 1545 968 ct
1563 904 1702 969 Paulum

597 1002 784 1086 mapalium
801 1003 947 1087 mrcpaiuc
968 1024 1020 1065 uso
1040 1004 1192 1087 sipcctum
1207 1005 1355 1068 Romanis
1375 1004 1591 1090 reliquissem
1612 1008 1702 1072 Seor-

589 1104 683 1188 piace
697 1127 755 1168 suo
770 1128 837 1189 cap.
856 1125 903 1188 15·
919 1114 953 1169 et
967 1115 1071 1168 contra
1084 1106 1242 1170 Gnostiooc
1259 1128 1329 1191 cap.
1346 1123 1393 1192 15.
1408 1107 1461 1172 sud
1475 1110 1600 1173 Narone
1611 1109 1701 1173 Petri

596 1207 785 1291 martyrium
806 1207 976 1292 contigisse
999 1208 1151 1271 narravit.
1197 1208 1239 1270 Id
1259 1230 1334 1272 vero
1356 1209 1612 1292 antiquissimum
1634 1232 1699 1274 om·

596 1309 684 1371 nium
703 1309 921 1373 testimonium
939 1316 990 1372 est
1004 1309 1158 1393 temporis
1181 1310 1334 1393 martyrii.
1382 1311 1513 1375 interea
1534 1312 1701 1397 utriusqus

595 1410 733 1494 apostoli
759 1410 867 1474 obitus
893 1418 1158 1495 praemonstratus
1184 1412 1281 1475 luisse
1310 1411 1343 1475 in
1369 1412 1402 1476 S.
1424 1413 1593 1499 Scriptura
1617 1415 1700 1478 vide-

595 1519 667 1585 tur;
694 1512 784 1575 Petri
807 1513 892 1596 apud
914 1514 948 1575 S.
963 1512 1115 1575 Jocnaom
1138 1512 1266 1590 xxi.18,
1281 1534 1330 1597 19.
1348 1515 1440 1579 Pauli
1457 1538 1533 1580 vero
1552 1539 1574 1581 a
1596 1518 1699 1600 seipso

595 1614 628 1677 in
653 1614 778 1698 cpbtolc
803 1615 849 1677 ad
876 1614 1058 1678 Timotheum
1077 1616 1249 1699 postmori,
1268 1615 1309 1681 iv.
1325 1618 1355 1680 6.
1400 1616 1553 1682 conferas
1568 1616 1698 1682 Eusebii

594 1716 679 1778 Hm.
695 1716 726 1780 ii.
745 1718 794 1778 26.

639 1818 677 1882 P.
694 1820 763 1881 181.
779 1818 800 1880 l.
811 1838 843 1902 3.
866 1818 1050 1885 Ἐπιστσλᾶς
1071 1822 1129 1900 γὰρ
1151 1820 1306 1902 ἀδελφῶν]
1332 1819 1441 1884 (lodex
1465 1818 1591 1884 Matar.
1611 1819 1697 1884 Med.

594 1941 666 1983 cum
687 1920 801 1983 Fuket.
817 1941 926 1983 vocem
948 1924 1005 2001 γὰρ
1027 1920 1224 1985 interserunt
1246 1921 1306 1985 hoc
1328 1922 1432 1985 modo.
1456 1924 1621 1988 ἐπιστολὰς
1640 1924 1698 2003 γὰρ

595 2024 745 2103 ἀδελφῶν,
771 2023 828 2084 &c
873 2021 983 2104 Atque
1009 2021 1056 2085 ita
1082 2022 1280 2106 Nicephorus
1305 2030 1340 2086 et
1365 2022 1509 2086 Rufinus.
1533 2022 1697 2088 vamme.

594 2123 756 2187 Omiserct
778 2126 836 2205 γὰρ
863 2122 909 2185 ed.
933 2123 1034 2206 Stcpd.
1059 2146 1114 2187 seu
1140 2124 1217 2188 edit.
1241 2124 1397 2209 princeps,
1419 2124 1548 2188 codicem
1571 2126 1699 2209 Ropium

594 2233 713 2302 secuta,
745 2223 934 2309 particulam
963 2246 1038 2288 vcro
1067 2233 1246 2310 agnoscunt
1275 2226 1358 2289 codd.
1390 2242 1515 2310 quoque
1543 2226 1636 2291 Bodl.
1665 2232 1699 2290 et

594 2327 732 2409 Norsolc.
775 2326 867 2389 Nunc
882 2332 1015 2389 caeteros
1029 2327 1132 2391 addas
1146 2350 1166 2391 a
1181 2327 1218 2389 cl.
1236 2326 1381 2390 Burtono
1404 2326 1548 2391 collatos.
1596 2327 1697 2393 Paulo

593 2429 702 2513 postb
716 2431 772 2507 μὲν
787 2427 917 2490 oiuood.
934 2427 965 2489 B
1004 2427 1024 2489 l.

638 2529 723 2595 ibid.
740 2529 759 2593 l.
775 2545 803 2612 7.
830 2532 857 2592 εἰ
878 2530 925 2592 καὶ
945 2536 1004 2593 τῶν
1026 2535 1179 2608 Κυριακῶν
1200 2530 1426 2614 ῥαδιουργῆσαι]
1452 2530 1587 2615 Opinuri
1602 2552 1636 2597 se
1650 2532 1697 2597 all

596 2633 788 2708 Lardnems,
804 2631 854 2695 Do
869 2632 951 2694 Fida
966 2632 1046 2694 Hiar.
1063 2633 1184 2716 Ecaup.
1201 2632 1239 2694 P.
1253 2632 1285 2695 ii.
1301 2630 1361 2695 vol.
1375 2632 1402 2695 1.
1420 2653 1446 2695 c.
1463 2651 1512 2695 12.
1559 2633 1696 2698 Marcio-

594 2734 678 2797 nitas
688 2756 767 2809 osse,
780 2734 832 2816 qui
845 2734 895 2795 hic
912 2733 1040 2795 crimine
1055 2734 1276 2817 corrumpendi
1286 2756 1393 2796 sacras
1403 2732 1488 2796 Novi
1499 2734 1696 2799 Testamenti

593 2837 778 2919 scripturas,
801 2836 865 2898 sive
890 2836 1082 2910 Dominiccs,
1108 2846 1294 2919 arguantur.
1346 2837 1438 2916 Quod
1467 2837 1596 2920 quidem
1622 2859 1695 2900 vero

592 2938 693 3000 simile
720 2938 854 3014 videtur,
880 2960 952 3000 nam
982 2939 1129 3000 Marcion
1153 2938 1220 3020 ipse
1245 2938 1358 3000 nobilis
1382 2937 1528 3001 falsarius
1555 2948 1636 3014 erat,
1661 2947 1693 3002 et

592 3039 726 3102 haeresin
743 3042 810 3122 ejus
826 3061 993 3123 aggressus
1013 3048 1063 3102 est
1079 3038 1250 3122 Dionysius
1265 3038 1296 3101 in
1312 3039 1447 3122 epistola
1465 3061 1523 3102 sua
1541 3042 1583 3104 ad
1600 3041 1692 3103 Nico·

592 3142 778 3216 medienscs,
794 3150 830 3203 ut
851 3141 944 3203 docet
966 3141 1015 3202 his
1031 3141 1134 3203 verbis
1150 3141 1317 3215 Eusebius,
1335 3142 1414 3218 ἄλλη
1435 3143 1466 3202 δὲ
1490 3143 1636 3219 ἐπιστολή
1653 3167 1694 3208 τις

591 3245 680 3306 αὐτοῦ
697 3245 770 3323 πρὸς
786 3242 970 3321 Νικομηδέας
990 3240 1125 3322 φέρεται,
1143 3245 1176 3304 ἐν
1196 3240 1215 3327 ᾗ
1236 3242 1289 3319 τὴν
1309 3244 1484 3321 Μαρκίωνος
1505 3245 1623 3318 αἵρεσιν
1643 3270 1694 3306 πο·

590 3352 700 3422 λεμῶν,
725 3350 764 3429 τῷ
790 3349 840 3420 τῆς
866 3347 1006 3422 ἀληθείας
1030 3347 1207 3423 παρίσταται
1231 3347 1343 3406 κανόνι.
1366 3343 1427 3405 vid.
1444 3365 1474 3426 p.
1492 3348 1563 3406 182.
1610 3349 1694 3409 Con-

590 3447 674 3509 leras
688 3447 817 3530 insuper
837 3447 876 3507 dc
897 3446 967 3507 aliis
988 3446 1145 3508 nonnullis
1165 3446 1322 3509 haercticis
1343 3467 1449 3508 sacras
1467 3447 1579 3510 literas
1599 3450 1694 3512 corri-

588 3549 746 3632 gentibus,
770 3548 865 3610 immo
888 3547 1174 3627 corrumpentibus,
1198 3555 1360 3610 auctorem
1386 3548 1469 3624 libri,
1491 3550 1544 3632 qui
1567 3552 1694 3614 Parcus

590 3649 797 3731 Labyrinthus
819 3649 989 3733 inscriptus
1015 3656 1075 3725 cst,
1101 3649 1142 3711 ab
1168 3649 1308 3712 Eusebio
1331 3649 1463 3713 allatum
1487 3651 1540 3714 lib.
1556 3675 1585 3715 v.
1610 3654 1692 3716 His.

589 3774 659 3836 cap.
675 3753 732 3815 ult.

634 3855 716 3916 lbid.
734 3854 752 3916 Ι.
771 3875 799 3932 9.
820 3853 1053 3935 ἐπιβεβλήκασι]
1074 3852 1180 3936 Vulgo
1205 3852 1426 3931 ἐπιβεβλήκασι
1449 3855 1503 3916 sed
1530 3857 1695 3934 ἐπιβεβου-

588 3958 713 4018 λεύκασι
736 3957 809 4017 Mu.
832 3955 969 4037 Norfhlc.
990 3964 1023 4019 et
1046 3955 1174 4039 Niceph.
1189 3956 1303 4039 quibus
1325 3957 1489 4019 addendus
1509 3957 1582 4020 Cod.
1599 3957 1692 4022 Bodl.

588 4057 647 4119 etsi
663 4058 706 4120 ibi
723 4061 1018 4134 ε’πιβεβουλεύμασιν
1037 4058 1121 4120 facili
1142 4081 1249 4122 errore
1273 4059 1426 4143 scriptum
1450 4067 1509 4122 est.
1557 4060 1642 4139 Quin
1658 4069 1693 4124 et

587 4158 669 4221 hanc
692 4159 868 4231 lectionem,
885 4168 980 4242 prout
1003 4182 1085 4222 nunc
1109 4161 1183 4234 scio,
1201 4169 1355 4244 praestant
1377 4161 1489 4224 ecdicos
1505 4162 1693 4236 morentini,

588 4282 666 4343 quos
681 4261 815 4323 contulit
830 4263 852 4322 J
855 4262 972 4323 aoobus
988 4263 1180 4338 Gronovius,
1195 4270 1228 4326 et
1251 4270 1317 4326 tres
1339 4264 1392 4326 alii
1415 4271 1583 4347 presteras,
1599 4266 1689 4327 Μαι.

589 4363 672 4425 Med.
694 4364 800 4425 Fortes.
823 4385 843 4424 a
871 4364 1015 4425 Burtono
1045 4365 1292 4441 commemorati,
1316 4366 1370 4448 qui
1400 4387 1471 4429 eam
1501 4365 1534 4427 in
1565 4373 1687 4429 textum

586 4487 677 4527 suum
693 4463 821 4547 recepit.
838 4472 858 4499 ‘⁴
871 4464 922 4526 lta
938 4465 1106 4528 nimirum’'
1116 4466 1177 4548 (ait
1194 4467 1374 4530 Halloixius
1389 4490 1461 4553 pag.
1474 4485 1548 4549 777.
1565 4476 1642 4532 tom.
1655 4468 1683 4529 ii.
