4359 5150
606 432 649 493 18
977 432 1338 502 ANNOTATIONES

606 614 644 675 τὸ
658 610 749 692 λογίο
759 614 851 673 Θεοῦ.
896 610 977 673 Vide
991 611 1078 673 Item.
1094 610 1136 674 xi.
1155 629 1183 675 2.
1197 620 1231 676 et
1245 612 1331 676 alibi.
1363 613 1404 675 ln
1414 613 1476 677 hoe
1485 620 1596 678 eutem
1606 616 1705 701 primo

610 712 751 796 ejusdem
767 710 872 795 operis
888 711 1085 795 Fragmento
1099 712 1152 795 egi
1166 713 1300 789 videtur,
1312 713 1448 797 primum
1459 715 1499 778 de
1511 715 1632 781 Christi
1641 715 1707 779 Do-

610 811 688 875 mini
703 811 819 889 effatis,
835 833 906 896 quae
922 811 1059 896 apostoli
1074 811 1257 896 diseipulive
1272 821 1582 893 commemorassent,
1598 816 1710 879 deinde

612 912 653 976 de
667 913 893 997 apostolorum,
909 935 948 977 uo
962 910 1092 984 Domini
1106 912 1332 996 diseipulorum
1346 916 1554 993 sermonibus,
1569 939 1650 1001 quos
1659 938 1712 981 eu·

613 1013 735 1077 ditores
749 1035 858 1077 eorum
874 1015 1065 1078 retulissent.

658 1114 741 1177 Ibid.
762 1115 784 1176 l.
804 1132 853 1178 12.
880 1114 1100 1195 σνγκατατάξαι
1133 1120 1198 1181 ταῖς
1230 1117 1410 1199 ἑρμηνείαις]
1450 1116 1504 1180 Ita
1531 1116 1651 1202 legitur
1679 1116 1712 1179 in

613 1216 724 1280 oodiee
750 1215 860 1299 Regio,
887 1222 921 1279 et
944 1222 1031 1280 reete
1055 1216 1182 1298 quidem
1209 1222 1246 1279 ut
1275 1216 1395 1299 opinor.
1455 1217 1550 1282 Certe
1580 1217 1714 1281 Rufinus

613 1315 697 1379 huno
719 1317 823 1380 loeum
846 1315 894 1411 ite
917 1315 1006 1399 legit,
1035 1322 1072 1378 ut
1101 1337 1142 1378 ex
1167 1316 1309 1380 versione
1338 1317 1406 1401 ejus
1434 1325 1579 1402 apparet.
1640 1320 1713 1382 Non

606 1417 724 1503 ptqottt
744 1428 844 1481 οιιίονι
864 1438 917 1478 reos
937 1414 994 1477 titt
1014 1415 1118 1477 omnia
1137 1436 1206 1499 quen
1226 1416 1377 1499 quondam
1397 1439 1418 1480 a
1429 1418 1618 1501 presbyterio
1631 1418 1713 1481 dett

613 1520 717 1590 timus,
743 1515 856 1580 etdene
881 1514 1049 1591 retinemur,
1073 1515 1263 1578 recordantes
1285 1537 1426 1600 erponem
1447 1539 1514 1581 eum
1531 1518 1712 1602 interprete

613 1616 742 1680 tionibus
765 1617 836 1679 ενοι.
881 1615 1006 1699 Reliqui
1031 1622 1139 1678 temen
1159 1616 1282 1679 eodioes
1305 1616 1389 1679 Μαι.
1410 1617 1497 1681 Mod.
1518 1638 1557 1681 uo
1581 1616 1712 1680 Fulreti·

615 1738 695 1780 enus
712 1737 784 1779 oum
804 1714 983 1797 Nioephoro
1007 1714 1159 1798 seriptum
1184 1715 1304 1779 hebent
1326 1717 1479 1794 συντάξαι.
1506 1717 1712 1781 HumVsnn·

616 1837 688 1879 srus.
747 1814 843 1877 Adde
869 1814 932 1876 eod.
962 1815 1037 1876 MS.
1058 1815 1150 1878 Bodl.
1182 1837 1275 1900 quem
1305 1816 1337 1878 in
1367 1816 1562 1881 Praefatione
1590 1815 1714 1881 ostendi

616 1936 686 1996 esse
710 1913 826 1978 Valesii
849 1914 989 1978 eodieom
1012 1915 1216 1980 Savilienum.
1251 1916 1315 1980 Sed
1341 1924 1376 1980 et
1395 1918 1526 1981 eandem
1547 1917 1713 1981 lectionem

616 2022 773 2101 praestant
796 2014 855 2079 duo
876 2015 987 2079 redires
1005 2018 1115 2100 tempti
1133 2016 1472 2095 Medioeo-Florentirti,
1496 2040 1632 2102 quorum
1654 2016 1713 2081 col

615 2116 767 2181 lationem
791 2138 812 2180 α
833 2116 855 2179 J
856 2118 956 2184 eeobo
977 2119 1136 2182 Gronovio
1154 2117 1229 2182 olim
1248 2119 1366 2183 saetam
1380 2120 1536 2203 possideo.
1562 2120 1715 2183 Leotionet

616 2238 691 2281 vero
705 2217 831 2280 (ἔναιον
842 2216 875 2279 in
889 2216 1028 2280 editione
1039 2218 1216 2282 Genevensi
1228 2218 1334 2282 ullatae
1344 2215 1570 2299 ονγκοτοτάξος
1584 2218 1715 2293 hubent,

617 2316 807 2399 scripturam
832 2317 1061 2398 ονγκατατόξοι,
1090 2340 1186 2402 quam
1211 2338 1228 2381 θ
1251 2317 1314 2381 eod.
1330 2317 1425 2401 Eept'e
1448 2316 1610 2380 Robertus
1642 2317 1713 2382 Ste-

616 2417 742 2502 phanus
763 2417 882 2501 primus
897 2416 1027 2481 Eusebii
1042 2418 1147 2483 editor
1161 2418 1292 2503 recepit,
1306 2418 1551 2492 oondrmentes3
1568 2443 1714 2499 συγκατα-

616 2517 702 2596 λέξαι
716 2524 824 2583 eutem
839 2517 913 2582 Mu.
931 2518 1067 2602 Norsok.
1084 2518 1139 2604 qui
1160 2518 1234 2583 olim
1253 2519 1375 2602 positus
1393 2518 1426 2581 in
1443 2518 1565 2583 aedibus
1588 2518 1714 2584 Somer·

616 2617 805 2695 setensibus,
833 2624 871 2682 ut
900 2619 977 2695 dixi,
1005 2641 1088 2684 nune
1110 2620 1143 2682 in
1167 2620 1281 2683 Museo
1303 2620 1483 2684 Brittanieo
1516 2622 1713 2685 edservatur.

618 2719 756 2797 Frustra
770 2719 853 2782 enim
872 2721 1024 2803 seriptum
1044 2728 1103 2797 est,
1125 2724 1206 2798 ἴσως,
1222 2721 1454 2801 ονγκοτοτόξος,
1475 2721 1508 2783 in
1527 2743 1584 2785 oro
1604 2722 1714 2786 codicis

616 2821 746 2905 opt'ecopi
762 2821 934 2897 Castellum,
957 2820 1045 2905 eujus
1068 2828 1161 2885 extet
1180 2822 1316 2884 varietas
1335 2822 1378 2884 ed
1393 2821 1469 2885 edit.
1484 2821 1716 2907 Readingienae

617 2921 743 2986 oaloem.
791 2921 974 2985 Lectionem
988 2929 1149 3007 receptam
1168 2923 1288 2986 habent
1308 2929 1342 2986 et
1361 2923 1451 2986 eodem
1471 2923 1580 2986 Poris.
1595 2933 1716 3008 uterque

617 3030 651 3087 et
676 3023 803 3086 Venetus
818 3022 850 3084 in
864 3023 1003 3106 gratiam
1018 3023 1055 3087 ol.
1071 3023 1206 3086 Burtoni
1222 3023 1338 3086 colluti.

634 3195 637 3198 ⁴
661 3126 699 3187 P.
715 3140 743 3206 7.
759 3124 780 3187 l.
795 3145 844 3210 13.
860 3124 1017 3207 ἀλήθειαν]
1043 3124 1184 3201 ἂλήθειας
1199 3123 1327 3186 Grutert'
1341 3123 1502 3186 Laertem.
1527 3122 1608 3186 Mox
1623 3122 1715 3185 abest

617 3228 655 3291 τὰ
668 3247 689 3289 α
703 3226 883 3310 Niceptoro.
907 3225 1089 3289 Sreorfflus.
1122 3225 1203 3289 Oum
1225 3224 1431 3307 Nioephorus,
1452 3224 1516 3308 qui,
1532 3230 1569 3287 ut
1591 3224 1713 3299 oaeteri,

617 3329 882 3406 διαβεβαιούμενος
894 3328 968 3405 ὑπὲρ
984 3327 1079 3389 αὐτῶν
1095 3324 1239 3402 ἀλήθειαν
1260 3326 1414 3404 affimant
1435 3325 1471 3387 de
1483 3324 1547 3388 illle
1561 3326 1716 3389 witam

617 3428 771 3511 seriptum
786 3428 893 3504 habet,
908 3427 943 3489 in
959 3426 1094 3490 historin
1109 3448 1166 3489 sun
1186 3425 1398 3489 ecclesiastiea
1411 3425 1514 3489 soleat
1534 3447 1608 3488 sues
1627 3426 1716 3510 pugi-

617 3549 677 3594 nas
702 3527 841 3592 Eusebio
867 3526 1025 3609 compleri,
1048 3548 1153 3609 oporae
1175 3526 1312 3609 pretium
1334 3533 1393 3599 est,
1417 3533 1454 3590 ut
1478 3525 1630 3589 lectorem
1656 3526 1717 3589 hoe

618 3648 773 3699 moneam,
793 3627 934 3690 oodioem
955 3628 1239 3703 Vindobonensem‚
1260 3648 1300 3690 ex
1323 3648 1385 3711 quo
1408 3627 1521 3690 (traeoa
1542 3626 1716 3712 Nioephori

618 3728 815 3813 prodierunt,
837 3726 947 3790 heberi
967 3728 1071 3791 adhue
1090 3735 1238 3812 oportere
1253 3727 1379 3791 unicum
1398 3726 1539 3790 historiae
1558 3726 1643 3790 illius
1662 3749 1716 3792 ex·

619 3829 741 3912 empler
763 3849 859 3891 manu
889 3827 1053 3910 seriptum,
1083 3828 1145 3890 etsi
1174 3827 1344 3910 Nioephori
1374 3827 1595 3911 opusculorum
1619 3828 1717 3892 index

617 3930 715 3994 falsus
737 3929 769 3991 in
794 3929 934 4012 Oatotopo
955 3927 1230 4011 meuseriotorwm
1252 3927 1432 3993 Bodleiano
1447 3925 1642 3992 Bttttotteeoe
1663 3951 1717 3996 ex-

616 4030 695 4096 teris
716 4029 873 4092 nonnullis
894 4028 981 4092 aliud
1002 4028 1147 4105 suaserit,
1170 4027 1376 4120 freudemque
1398 4027 1517 4092 feeerit.
1571 4028 1716 4094 Numero

617 4139 726 4197 eutem
741 4145 838 4213 3040.
855 4130 954 4193 oodex
968 4129 1019 4192 ille
1035 4128 1126 4192 Bodl.
1145 4128 1297 4212 signatus,
1314 4128 1484 4212 Nioephori
1500 4128 1626 4192 Callisti
1640 4130 1717 4195 His-

616 4232 697 4296 toria
711 4230 924 4294 Eoeleeioetieo
937 4229 1130 4293 nominatur.

662 4330 745 4394 Ibid.
761 4330 781 4393 l.
797 4350 845 4408 14.
868 4331 904 4394 οὐ
922 4333 980 4410 γὰρ
1001 4336 1062 4394 τοῖς
1078 4332 1115 4393 τὰ
1131 4332 1234 4392 πολλὰ
1253 4328 1397 4410 λέγουσιν
1418 4327 1490 4413 dte]
1524 4327 1610 4392 Heu.
1627 4329 1717 4394 Dod-

620 4431 723 4499 wellus
737 4431 867 4494 Dissert.
891 4431 925 4492 V.
941 4431 975 4493 ιἰο
991 4431 1155 4506 heremum,
1177 4432 1206 4511 ξ.
1223 4431 1285 4494 xvi.
1309 4452 1339 4513 p.
1355 4444 1428 4514 457·
1464 4437 1484 4467 “
1500 4427 1716 4512 Sophistieum
