4359 5150
557 446 621 508 rsa
903 444 1141 526 nnnrounn
1165 445 1336 512 saban.

552 593 594 657 Ἡ
611 600 666 657 ΔΕ
692 599 801 658 ΠΡΟΣ
821 598 1080 669 aestuatum,
1107 597 1269 677 διεγερτικὴ
1292 597 1420 662 πίστεως
1440 596 1489 658 καὶ
1509 598 1560 673 τῆς
1581 599 1654 658 κατὰ

551 703 585 766 τδ
600 702 778 785 εὐαγγέλιον
798 704 960 770 πολιτείας·
982 703 1017 782 ἧς
1031 703 1275 785 ἀλιγωρήσαντας
1293 703 1426 785 ἐλέγχει,
1444 705 1483 770 ὣς
1498 703 1537 767 δν
1549 709 1653 783 μικροῦ

551 818 615 877 δεῖν
633 811 825 878 ἀποστάντας
840 815 893 875 τοῦ
916 813 1020 893 λόγου,
1038 814 1070 892 ἐξ
1092 812 1183 894 ούπερ
1198 813 1251 876 τδν
1265 818 1440 894 προεστῶτα
1461 811 1559 875 αὐτῶν
1573 815 1653 876 Πού-

550 931 641 986 πλιον
653 925 837 1003 μαρτυρῆσαι
852 924 926 985 κατά
939 921 1007 987 τοὺς
1021 922 1089 985 τάτε
1109 919 1225 1001 συνέβη
1236 922 1396 1003 διυγμούς.
1442 920 1598 1002 Κοδράτον
1619 923 1652 985 δὲ

549 1033 625 1109 μετδ
647 1030 702 1093 τδν
723 1029 952 1111 μαρτυρήσαντα
972 1032 1130 1095 Πούπλιον
1153 1030 1356 1097 καταστάντος
1373 1031 1469 1095 ahsa
1486 1031 1677 1101 έπισκάπου5

548 1137 703 1217 μέμνηται·
719 1139 930 1218 έπιμαρτνρόν,
947 1139 986 1205 ὥς
1000 1137 1038 1201 ἀν
1053 1141 1101 1204 διά
1115 1142 1167 1217 τῆς
1181 1140 1271 1203 αὐτοῦ
1285 1142 1417 1216 σπουδῆς
1432 1138 1652 1219 ἐπισυναχθέν-

549 1272 618 1324 των,
650 1247 698 1309 καὶ
725 1249 777 1325 τῆς
805 1248 933 1312 πίστεως
962 1247 1188 1328 ἀναζωπύρησιν
1217 1248 1392 1329 είληχάτιιν·
1431 1252 1520 1326 δηλοῖ
1546 1245 1572 1309 δ’
1603 1249 1653 1310 ἐπὶ

549 1357 674 1433 τούτοις,
699 1356 738 1422 ὧς
763 1355 810 1417 καὶ
839 1356 999 1421 Διονύσιος
1024 1356 1042 1417 δ
1070 1352 1287 1437 Ἀρεοπαγίτης
1315 1356 1373 1420 ύπδ
1399 1361 1451 1419 τοῦ
1477 1358 1652 1420 ἀποστόλου

548 1466 675 1529 Παύλου
700 1464 877 1544 προτραπεὶς
896 1463 946 1526 ἐπὶ
963 1464 1017 1541 τὴν
1031 1464 1133 1527 πίστιν
1155 1467 1230 1527 κατὰ
1244 1467 1282 1528 rb
1296 1466 1331 1529 έν
1345 1471 1410 1532 ταῖς
1423 1462 1553 1546 πράξεσι
1568 1471 1650 1545 δεδη-

547 1576 681 1654 λωμένα,
704 1581 819 1657 πρῶτος
832 1578 883 1653 τῆς
908 1576 943 1637 έν
964 1572 1105 1654 Ἀθήναις
1122 1576 1278 1655 παροικίας
1302 1574 1356 1653 τὴν
1379 1576 1546 1655 ἐπισκοπὴν
1567 1578 1687 1657 lyaee-1<

570 1710 585 1747 ε
615 1710 691 1747 ιστο.

541 1686 644 1872 §Adita
659 1791 683 1855 δ’
696 1791 841 1871 έπιστολή
860 1816 904 1858 τις
922 1792 1012 1855 αὐτοῦ
1027 1796 1137 1855 ΠΡΟΣ
1158 1796 1441 1856 ΝΙΚΟΜΗΔΕΑΣ
1456 1793 1593 1873 φέρεται·
1616 1795 1650 1856 έν

546 1901 565 1984 ᾗ
588 1903 643 1981 τὴν
666 1904 842 1983 Μαρκίωνος
860 1903 976 1982 αίρεσιν
995 1907 1146 1981 πολεμῶν,
1166 1902 1206 1987 τῷ
1229 1905 1281 1980 τῆς
1301 1902 1443 1980 ἀληθείας
1470 1904 1649 1982 παρίσταται

547 2015 659 2077 κανόνι.

547 2125 607 2187 Καὶ
634 2125 670 2210 τῇ
700 2125 843 2207 ἐκκλησία
872 2124 960 2207 δὶτῇ
984 2123 1167 2207 παροικούσῃ
1193 2118 1527 2185 ΓΟΙΥῙῪΝΑΝἋΜΑ
1551 2124 1687 2195 Tamis

546 2236 720 2296 ΛΟΙΠΑῙΣ
744 2235 852 2294 ΚΑΤΑ
877 2236 1049 2295 KPHTHN
1073 2234 1315 2294 HAPOllllA12
1335 2231 1518 2301 ἀπιστείλας,
1539 2231 1648 2293 Φίλιπ·

546 2365 605 2405 πον
620 2343 784 2405 ἐπίσκοπον
800 2340 896 2404 αύτῶν
910 2339 1100 2422 ἀποδέχεται,
1117 2340 1168 2402 ἀτε
1187 2338 1223 2417 δὴ
1238 2338 1288 2401 ἐπὶ
1309 2339 1464 2403 πλείσταις
1483 2362 1646 2417 μαρτυρου-

545 2449 636 2529 μένης
650 2451 861 2531 ἀνδραγαθίαις
875 2453 927 2527 τῆς
940 2447 988 2512 ὑπ’
1005 2447 1095 2511 αὐτὸν
1111 2448 1281 2525 ἐκκλησίας·
1305 2445 1360 2525 τήν
1370 2470 1403 2509 τε
1418 2452 1477 2509 τῶν
1493 2448 1647 2526 αἱρετικῶν

545 2556 731 2636 διαστροφὴν
738 2555 953 2635 ὑπομιμνήσκει
967 2554 1183 2636 φυλάττεσθαι.

547 2667 606 2728 Καὶ
631 2690 666 2743 τη
697 2666 840 2747 ἐκκλησίᾳ
864 2667 896 2727 δὲ
925 2666 961 2749 τῇ
986 2667 1170 2749 παροικούσῃ
1195 2669 1406 2727 ΑΜΑΣΤΡΙΝ
1421 2662 1523 2726 ‘AMA
1550 2670 1644 2727 ΤΑΙΣ
1656 2682 1687 2720 20

547 2778 657 2836 ΚΑΤΑ
673 2778 851 2835 ΠΟΝΤΟΝ
876 2775 1057 2849 ἐπιστείλας,
1074 2775 1262 2854 Βακχυλίδου
1281 2774 1337 2848 μὲν
1353 2772 1401 2834 καὶ
1414 2770 1591 2849 Ἐλπίστου,
1608 2774 1646 2838 ὡς

546 2882 584 2945 ἂν
600 2881 689 2944 αὐτὸν
705 2883 754 2944 έπὶ
767 2882 800 2943 τὸ
815 2881 932 2962 γράψαι
947 2881 1182 2960 προτρεψάντων
1192 2886 1345 2958 μέμνηται·
1369 2886 1495 2960 γραφῶν
1509 2906 1542 2942 τε
1558 2883 1645 2944 θείων

544 3139 720 3193 Athenienses
749 3141 853 3208 scripta,
883 3141 1000 3192 excitans
1032 3138 1066 3191 ad
1117 3140 1203 3192 clesiae
1216 3137 1387 3190 Atheniensis
1398 3135 1576 3189 sacerdotium
1585 3154 1644 3188 sus·

544 3209 633 3271 fidem,
658 3219 683 3261 et
707 3207 741 3262 ad
764 3210 846 3263 vitam
874 3227 905 3261 ex
934 3218 1066 3277 praecepto
1117 3209 1226 3276 cepisse.
1265 3205 1317 3259 Sed
1339 3215 1364 3258 et
1385 3207 1435 3258 alia
1456 3207 1513 3274 ejus
1532 3207 1645 3273 epistola

543 3279 671 3347 evangelii
691 3277 899 3331 traducendam:
919 3279 1018 3347 quain
1039 3295 1066 3329 re
1116 3285 1202 3329 exstat
1223 3275 1257 3328 ad
1283 3275 1511 3336 Nicomedienses,
1537 3276 1566 3327 in
1592 3292 1686 3354 qus25

544 3349 732 3426 negligentiam
753 3348 840 3416 arguit
853 3347 1066 3409 Atheniensium,
1118 3346 1262 3398 Marcionis
1304 3345 1426 3396 haeresim
1470 3344 1545 3412 impu
1586 3362 1643 3405 ans,

562 3434 641 3485 urppe
671 3418 717 3487 qui
747 3436 762 3469 a
792 3416 843 3469 fide
891 3415 1066 3485 ropemodum
1118 3415 1233 3467 veritatis
1255 3415 1354 3483 regulae
1387 3414 1496 3465 firmiter
1523 3431 1540 3464 a
1560 3413 1643 3465 haere-

543 3435 723 3548 descivissent‚
742 3504 774 3538 ex
793 3503 846 3556 quo
885 3485 973 3538 ublius
995 3486 1066 3552 ipso·
1118 3485 1176 3536 scit.
1214 3484 1339 3536 Ecclesiae
1351 3492 1476 3550 practerea
1489 3481 1643 3551 Gortynen·

543 3572 602 3607 rum
625 3555 814 3623 episcopusin
838 3554 1066 3623 persecutionibus
1118 3555 1197 3615 sium,
1221 3562 1247 3604 et
1273 3552 1380 3621 reliquis
1412 3552 1493 3603 simul
1524 3552 1642 3603 ecclesiis

542 3635 608 3676 tunc
626 3625 752 3692 temporis
770 3624 889 3676 excitatis
909 3625 1066 3749 maranum
1118 3621 1204 3675 Cretae
1227 3622 1314 3674 literas
1337 3620 1463 3681 scribens,
1485 3621 1642 3688 episcopum
1651 3644 1687 3699 30

543 3692 667 3744 subierat.
713 3694 837 3745 Meminit
868 3693 946 3745 etiam
1000 3692 1065 3744 uad·
1117 3692 1238 3759 ipsorum
1285 3690 1438 3758 Philippum
1480 3707 1642 3758 magnopere

542 3762 600 3823 rati,
626 3762 671 3831 qui
695 3772 756 3831 post
783 3762 939 3831 martyrium
968 3761 1064 3823 Publii,
1116 3759 1249 3829 praedicat,
1287 3759 1332 3828 qui
1352 3777 1384 3826 pe
1421 3759 1497 3827 cujus
1532 3760 1643 3811 ecclesia

542 3831 681 3898 episcopus
709 3831 913 3883 Atheniensium
937 3840 977 3883 est
1001 3848 1065 3883 con·
1115 3830 1249 3898 egregiam
1279 3830 1323 3880 lau
1343 3846 1385 3880 em
1418 3826 1583 3879 fortitudinis
1616 3836 1642 3879 et

542 3901 667 3952 stitutus:
706 3901 763 3969 ejus
782 3919 815 3953 ue
849 3900 938 3952 labore
968 3909 994 3952 et
1024 3900 1064 3951 in·
1115 3898 1237 3968 generosi
1267 3898 1356 3959 animi,
1387 3897 1522 3949 communi
1553 3897 1640 3948 omni·

542 3967 644 4022 dustria
668 3970 737 4022 cives
763 3918 851 4021 denuo
875 3970 904 4021 in
928 3969 1065 4021 ecclesiam
1116 3987 1163 4020 um
1185 3985 1317 4020 consensu
1350 3967 1502 4017 retulisset:
1534 3975 1639 4017 monet·
1652 3977 1666 4033 3
1671 3977 1686 4033 5

541 4039 705 4100 convenisse,
726 4047 751 4091 et
774 4038 922 4090 redivivum
944 4037 1004 4089 fidei
1023 4056 1064 4089 ar·
1116 4055 1166 4107 que
1200 4046 1231 4089 ut
1263 4036 1296 4088 ab
1328 4035 1514 4087 haereticorum
1546 4034 1640 4086 fraude

542 4106 633 4159 dorem
652 4109 681 4160 in
700 4108 751 4160 illis
771 4117 922 4175 reparatum
937 4125 995 4159 esse
1011 4116 1064 4159 tes·
1115 4125 1145 4158 ac
1164 4106 1280 4158 versutia
1299 4104 1349 4157 sibi
1372 4112 1488 4155 caveant.
1530 4102 1565 4155 ln
1584 4104 1640 4170 epi·

541 4184 621 4228 tatur.
677 4177 767 4229 Refert
805 4186 930 4244 praeterea
961 4177 1033 4228 Dion
1052 4207 1064 4216 ·
1115 4177 1182 4228 stola
1206 4191 1366 4244 veroquam
1389 4172 1479 4225 scribit
1501 4171 1534 4223 ad
1557 4174 1640 4224 eccle·

540 4246 611 4297 sium
635 4246 832 4315 Areopagitam,
856 4246 902 4315 qui
933 4263 948 4296 a
981 4245 1018 4296 Pa
1047 4263 1063 4297 ο
1114 4246 1181 4296 eiam
1194 4244 1423 4296 Amastrianorum
1444 4250 1470 4293 et
1486 4249 1586 4293 ceteras
1605 4242 1640 4293 si·

539 4315 670 4383 Apostolo
695 4314 728 4366 ad
753 4314 832 4367 fidem
857 4332 1001 4367 conversus
1023 4323 1063 4367 est
1114 4315 1171 4366 mul
1192 4313 1314 4365 ecclesias
1338 4311 1425 4372 Ponti,
1446 4328 1474 4362 se
1494 4311 1603 4380 quidem
1625 4328 1687 4390 ³40

540 4383 765 4505 Ruemadmodum
784 4382 898 4436 traditur
909 4385 935 4435 in
950 4383 1062 4436 Actibus
1115 4382 1274 4452 Bacchylide
1295 4391 1321 4433 et
1343 4381 1446 4449 Elpisto
1466 4379 1499 4431 ad
1521 4380 1639 4432 scriben-

566 4455 741 4522 postolorum,
754 4454 870 4521 primum
887 4454 1008 4505 omnium
1020 4470 1062 4504 ec·
1114 4453 1179 4506 dum
1198 4451 1343 4520 impulsum
1362 4467 1419 4503 esse
1440 4459 1638 4502 commemorat.
