4359 5150
643 392 699 441 xx
1015 365 1318 438 PRAEFATIO.

644 566 816 648 dominii
850 564 998 645 novicii
1036 563 1126 645 loco
1165 566 1462 660 instaurentur,
1496 575 1586 643 tum
1616 563 1689 642 de·

646 730 759 781 mum
781 701 866 794 fiet,
886 700 918 780 si
941 700 1032 781 Deo
1053 700 1272 795 videbitur,
1293 697 1472 780 ecclesiae
1493 698 1693 778 universae

645 835 743 917 filiis
763 836 805 915 in
827 826 950 916 rebus
972 833 1206 914 necessariis
1226 833 1375 928 unitas,
1394 846 1521 941 atque
1547 832 1588 913 in
1610 860 1694 912 non

647 971 883 1051 necessariis
902 972 1017 1079 justa
1037 984 1080 1049 et
1100 969 1283 1077 optanda
1306 965 1486 1048 libertas.
1546 968 1604 1047 At
1624 966 1695 1045 (lo

647 1104 819 1186 lendum
859 1116 921 1184 est
961 1104 1131 1199 interea,
1168 1130 1308 1212 pacem
1356 1100 1536 1183 ecclesiae
1575 1101 1696 1182 istam

647 1239 998 1347 exoptatissimam
1021 1238 1150 1345 magis
1169 1266 1193 1317 a
1213 1264 1354 1344 regum
1378 1234 1550 1345 placitis
1568 1246 1697 1342 atque

648 1373 960 1454 ambitiosorum
990 1385 1034 1453 et
1063 1372 1328 1452 factiosorum
1359 1371 1576 1452 hominum
1602 1399 1698 1453 con-

649 1506 760 1602 siliis,
780 1534 906 1614 quam
928 1506 1100 1587 veritate
1121 1505 1352 1614 theologica
1373 1507 1565 1614 pendere.

710 1642 766 1721 ll.
790 1642 1006 1721 Hactenus
1035 1668 1130 1749 quae
1160 1641 1312 1749 scripta
1342 1653 1452 1737 sunt,
1482 1640 1537 1721 ad
1564 1639 1699 1748 operis

650 1804 852 1857 summam
898 1802 1123 1882 causasque
1171 1775 1412 1883 pertinent;
1462 1776 1698 1884 proximum

650 1910 778 1991 fuerit
809 1910 992 1991 subsidia
1021 1913 1122 2017 ejuS,
1143 1910 1429 2018 rationemque
1457 1911 1521 1991 his
1549 1911 1701 1992 utendi

651 2073 868 2153 exponere.
927 2044 1195 2125 Adminicula
1216 2043 1317 2126 mihi
1344 2047 1527 2142 fuerunt
1547 2047 1700 2155 partim

653 2182 851 2263 Historiae
891 2180 1106 2262 Literariae
1151 2182 1387 2289 Scriptores
1429 2181 1579 2290 partim
1622 2182 1701 2290 ipsi

653 2316 767 2398 Libri
801 2316 1002 2397 Veterum
1032 2317 1084 2396 ab
1119 2315 1264 2396 iisdem
1294 2317 1560 2426 scriptoribus
1594 2318 1704 2398 indi-

651 2452 744 2545 cati,
782 2450 825 2529 in
869 2451 1022 2558 quibus
1058 2449 1248 2558 reliquiae
1280 2451 1598 2532 Ante-Nicaenae
1631 2481 1703 2533 ex-

653 2598 756 2664 tent.
807 2583 972 2666 Deinde
1002 2598 1213 2692 ponentur
1232 2586 1433 2667 Codicum
1456 2586 1702 2667 MSStorum

653 2717 853 2826 Catalogi,
874 2720 1035 2828 ipsique
1055 2721 1181 2802 etiam
1203 2720 1353 2817 MSSti,
1373 2721 1413 2800 in
1436 2721 1588 2830 quibus
1612 2724 1704 2803 bre·

654 2853 719 2935 via
733 2854 924 2961 quaedam
941 2854 1127 2934 nondum
1146 2854 1258 2934 edita
1270 2853 1526 2951 delitescant,
1542 2870 1616 2936 aut
1628 2858 1700 2964 qui

653 2988 824 3068 demum
845 2986 1035 3096 exempla
1054 2988 1139 3067 sint
1159 2986 1358 3068 librorum
1375 2993 1461 3099 jam
1483 2991 1705 3089 editorum,

654 3122 849 3228 equibus
870 3121 969 3201 vitia
988 3120 1176 3204 lectionis
1197 3124 1407 3205 emendari
1430 3145 1596 3232 queant.

711 3257 779 3336 Ad
799 3256 1025 3365 Scriptores
1045 3259 1159 3365 quod
1185 3258 1349 3355 attinet
1369 3261 1442 3368 qui
1466 3262 1518 3342 de
1543 3275 1707 3344 auctor-

656 3393 748 3472 ibus
779 3390 1062 3472 ecclesiasticis
1090 3393 1262 3498 egerint,
1292 3422 1434 3476 omnes
1465 3398 1550 3477 fere
1585 3414 1708 3506 quot

656 3538 759 3633 quot
780 3540 889 3619 sunt,
909 3539 983 3605 aut
1002 3538 1113 3606 certe
1132 3528 1204 3634 qui
1232 3528 1332 3608 mibi
1359 3545 1496 3611 essent
1519 3561 1633 3640 opus
1653 3537 1707 3615 ad

657 3688 829 3741 manum
859 3659 984 3742 habui
1015 3674 1143 3769 atque
1173 3663 1374 3762 consului,
1393 3670 1601 3776 praecipue
1630 3670 1707 3751 Ca-

657 3795 770 3875 vium
813 3794 1143 3903 Fabriciumque.
1217 3799 1275 3878 Et
1316 3801 1348 3879 si
1388 3829 1514 3909 quem
1554 3802 1705 3884 librum

659 3928 879 4036 locumque
898 3928 1074 4039 alicujus
1093 3933 1283 4029 auctoris,
1303 3936 1375 4041 qui
1401 3939 1514 4044 apud
1534 3936 1627 4019 illos
1647 3942 1708 4020 in-

658 4062 819 4141 dicatus
839 4061 995 4159 fuisset,
1014 4078 1058 4144 et
1081 4066 1135 4145 ad
1163 4069 1342 4150 rationes
1370 4099 1479 4152 meas
1500 4075 1708 4180 pertinere

660 4196 914 4292 rideretur,a
927 4226 993 4279 me
1010 4201 1330 4307 praetermissum
1348 4203 1476 4286 lector
1491 4209 1708 4304 invenerit,
