4359 5150
609 454 673 516 144
991 451 1344 517 ANNOTATIONES

606 605 685 668 riam
710 604 836 687 quidem
860 604 964 666 Deum
987 626 1055 667 csse
1077 605 1184 668 volens
1206 605 1261 668 sed
1277 607 1427 682 iactatam,
1444 606 1542 669 verba
1563 605 1662 689 ipsius
1675 605 1704 667 in

605 707 658 770 lib.
673 708 701 769 l.
722 706 793 769 cde.
809 706 963 769 Merctor.
986 728 1013 769 c.
1040 725 1087 790 15.
1112 716 1138 769 ct
1157 707 1301 790 infectam
1323 716 1350 769 et
1373 716 1525 782 uternam,
1551 707 1648 770 imme
1675 708 1704 769 in

605 809 658 873 lib.
677 809 708 872 ii.
724 809 797 871 adv.
813 808 906 871 eund.
925 830 951 870 c.
966 828 998 891 5.
1015 807 1173 871 hominem
1194 817 1325 892 negaret
1341 808 1420 872 facie
1434 815 1468 873 et
1487 809 1705 893 corporalibus

604 912 707 988 lineis,
732 919 800 975 tam
827 910 922 974 variis
949 910 982 972 in
1005 932 1121 995 genere
1150 911 1298 986 humane,
1329 910 1374 973 ad
1392 911 1575 994 uniformem
1604 913 1706 974 Deam

604 1037 774 1100 cupressum
802 1036 881 1090 esse,
907 1034 1000 1097 quem
1030 1034 1125 1098 perro
1155 1010 1352 1075 invectabilem
1377 1022 1404 1075 ct
1424 1012 1652 1096 insomnelilcm
1676 1013 1707 1076 in

608 1139 677 1202 cap.
691 1133 741 1199 27.
755 1117 825 1179 cdo.
842 1116 1001 1178 Prcrecm
1017 1114 1172 1199 appellat)
1188 1113 1353 1178 fatendum
1367 1120 1426 1189 est,
1437 1113 1578 1198 inquam,
1595 1115 1708 1178 saltem

608 1218 797 1281 Melitenem
821 1216 951 1279 humani
975 1215 1095 1299 aliquid
1119 1216 1151 1278 in
1177 1215 1238 1279 hac
1262 1237 1296 1280 re
1322 1237 1450 1300 passum
1477 1216 1577 1279 videri
1604 1238 1707 1302 pesse,

608 1321 725 1406 quippe
740 1342 813 1383 cum
828 1319 983 1404 Origenes
997 1318 1030 1381 in
1046 1317 1146 1381 lecca
1162 1316 1290 1381 Valesie
1305 1317 1444 1393 laudate,
1462 1318 1616 1382 ostendat
1630 1318 1707 1394 illes,

608 1421 750 1505 quicum
768 1420 923 1485 Melitene
945 1428 1121 1492 senserunt,
1146 1420 1325 1504 opinionem
1347 1441 1436 1483 suam
1458 1419 1648 1494 defendisse,
1670 1441 1708 1482 ex

607 1544 645 1585 ee
661 1522 746 1606 quod
761 1522 905 1585 membra
919 1520 952 1584 in
968 1543 1059 1585 sacra
1083 1521 1250 1605 Scriptura
1272 1521 1342 1583 Dee
1365 1521 1557 1597 tribuantur,
1574 1527 1610 1585 et
1624 1520 1707 1605 qued

607 1621 811 1708 Abrahaeque
827 1632 860 1688 et
875 1624 946 1688 aliis
961 1623 1080 1687 sanctis
1095 1624 1198 1686 ferma
1213 1623 1320 1706 aliqua
1334 1623 1490 1706 praeditus
1504 1623 1596 1687 Deus
1612 1645 1708 1708 appa·

607 1725 718 1789 ruerit.
765 1725 814 1789 At
835 1746 920 1801 vero,
938 1748 976 1788 ne
999 1725 1112 1797 dicam,
1133 1725 1218 1809 qued
1242 1724 1500 1788 Schurfleischius
1519 1724 1552 1787 iu
1566 1725 1707 1788 Historia

607 1848 664 1890 sua
678 1826 791 1890 Eeclas.
808 1849 839 1911 p.
855 1848 907 1910 94.
931 1826 1032 1911 decipi
1057 1827 1124 1890 vult
1147 1826 1326 1911 Origenem,
1349 1825 1403 1910 qui
1427 1824 1615 1889 Melitenem
1640 1827 1707 1889 Deo

607 1948 721 2011 cerpus
745 1927 893 1992 tribuisse
917 1928 1093 2006 existimat,
1116 1950 1188 1991 cum
1213 1929 1247 1991 τὸ
1270 1935 1355 2007 σῶμα
1380 1934 1413 1991 et
1439 1927 1493 2005 τὴν
1518 1928 1627 1991 οῦσίοο
1651 1950 1707 2013 pre

606 2050 642 2093 re
673 2050 737 2093 una
763 2030 878 2094 Melite
908 2038 1099 2115 usurparet3
1134 2052 1172 2094 ae
1197 2041 1350 2114 praeterea
1377 2028 1461 2113 quod
1490 2028 1558 2113 ipse
1586 2051 1707 2115 quoque

607 2129 761 2213 Origenes
791 2132 912 2209 statuit,
937 2132 998 2195 Dei
1019 2132 1298 2217 incorporeitatem
1321 2131 1353 2193 in
1376 2130 1408 2194 S.
1435 2129 1603 2215 Scriptura
1625 2131 1707 2194 haud

606 2232 775 2297 manifeste
806 2234 973 2317 designari,
1005 2234 1048 2297 sic
1079 2234 1236 2297 disserens
1265 2232 1327 2296 fine
1357 2234 1557 2316 prefatione
1582 2256 1649 2297 sure
1677 2234 1706 2296 in

609 2335 692 2418 Opas
712 2336 760 2398 De
785 2336 976 2420 Principem
999 2342 1085 2399 certe
1109 2335 1213 2399 Classis
1230 2335 1284 2398 illa
1307 2334 1454 2398 Meliteni
1480 2336 1655 2421 adscripta,
1669 2336 1707 2399 de

607 2457 671 2519 qua
694 2458 792 2521 supra
814 2437 944 2521 egimus,
966 2437 998 2500 in
1025 2436 1130 2520 capite
1155 2438 1206 2499 De
1224 2436 1288 2499 Dei
1309 2434 1487 2513 nominibus,
1514 2437 1623 2501 emnia
1641 2438 1707 2501 loca

608 2536 791 2622 Scripturas,
805 2538 836 2601 in
847 2539 961 2622 quibus
976 2538 1119 2602 membra
1132 2537 1192 2602 Dei
1204 2545 1499 2615 commemorantur,
1516 2560 1580 2602 non
1594 2561 1705 2613 crasse,

607 2639 663 2702 sed
693 2640 827 2722 mystica
853 2641 976 2703 ratione
999 2639 1140 2724 exponit.
1187 2640 1284 2702 Porro
1308 2639 1369 2703 hec
1395 2646 1491 2723 caput
1514 2662 1584 2704 esse
1607 2641 1708 2726 ipsum

607 2742 674 2820 περὶ
691 2742 861 2818 ἐοσομάτου
874 2747 956 2806 Θεοῦ
970 2743 1085 2804 librum
1101 2743 1141 2806 ab
1155 2742 1292 2804 Eusebio
1305 2750 1585 2805 commemoratum
1602 2751 1707 2806 censet

607 2842 645 2904 cl.
659 2842 826 2925 Weogius,
844 2843 907 2924 qni,
925 2851 961 2905 ut
977 2865 1072 2927 supra
1087 2843 1192 2918 retuli,
1208 2851 1305 2927 caput
1320 2844 1455 2926 primum
1470 2843 1542 2905 libri
1558 2843 1708 2928 appellati

609 2944 716 3006 Clccis
735 2966 817 3007 nunc
840 2946 966 3007 demum
989 2945 1098 3008 edidit.
1145 2944 1219 3006 Vid.
1245 2944 1379 3007 Dissert.
1405 2945 1472 3029 ejus
1491 2945 1534 3007 iii.
1559 2967 1633 3028 pag.
1659 2948 1708 3007 60.

608 3046 671 3108 Sed
688 3046 727 3108 de
743 3047 802 3108 hec
815 3047 930 3109 viderit
942 3047 1001 3108 ille.
1048 3047 1103 3120 Et,
1118 3045 1399 3129 quomodocunque
1410 3047 1581 3130 exponitur
1596 3047 1710 3110 dubius

606 3147 658 3209 hic
686 3147 810 3222 titulus,
836 3150 901 3227 περὶ
927 3147 1099 3225 ἓνσωμότου
1135 3154 1226 3220 Θεοῦ,
1256 3148 1398 3230 pristinae
1430 3169 1508 3210 meae
1541 3149 1710 3232 suspicioni

607 3250 737 3312 tandem
753 3250 900 3312 nuntium
915 3248 1056 3323 remitte,
1069 3269 1161 3330 quem
1177 3255 1252 3311 ante
1267 3269 1317 3310 mc
1333 3250 1525 3333 suggessisse
1540 3249 1573 3311 in
1589 3251 1712 3313 Disser-

606 3351 717 3413 tatieac
732 3372 790 3413 sua
805 3350 840 3412 de
855 3349 978 3412 Eusebii
996 3350 1190 3411 Coeccriensir
1209 3351 1387 3413 auctoritate
1401 3351 1440 3413 el.
1456 3351 1614 3414 Danzium
1629 3374 1712 3416 nunc

606 3451 723 3513 certior
746 3451 849 3513 factus
867 3472 948 3513 sum.
994 3448 1120 3511 Scilicet
1145 3470 1215 3511 oum
1233 3450 1426 3513 Anastasius
1447 3451 1573 3515 Sinaita
1596 3453 1712 3516 librum

607 3552 815 3634 excerpsisset
827 3551 992 3613 melitonis
1001 3553 1067 3630 περὶ
1079 3553 1256 3627 capadoces
1266 3556 1397 3631 Χριστοῦ
1406 3552 1612 3637 appellatum,
1623 3557 1713 3639 cujus

608 3653 733 3736 quidem
761 3655 847 3732 ῥῆσιν
867 3652 917 3714 hic
947 3652 1051 3726 attuli,
1076 3651 1159 3714 idem
1182 3652 1278 3716 fuisse
1300 3655 1358 3717 hee
1389 3677 1468 3738 opus
1494 3655 1712 3739 conjecturam

607 3753 676 3828 feci,
693 3759 790 3835 atque
806 3753 882 3814 illud
896 3755 963 3832 περὶ
979 3753 1150 3830 εὀσωμάτου
1175 3760 1264 3833 Θεοῦ,
1282 3764 1318 3819 ut
1339 3757 1406 3839 ejus
1425 3756 1538 3819 titulus
1553 3759 1713 3841 posterior

608 3863 701 3928 esset,
720 3853 735 3931 i]
751 3856 817 3934 περὶ
833 3856 1010 3934 capadoces
1025 3861 1164 3934 Χριστοῦ,
1182 3858 1252 3939 quis
1268 3859 1361 3933 enim,
1378 3858 1452 3921 elim
1467 3859 1545 3934 dixi,
1561 3860 1594 3921 in
1609 3883 1643 3922 se
1666 3883 1712 3924 re

607 3956 736 4038 ciperet,
761 3955 891 4039 Origeni
923 3977 1061 4038 unquam
1087 3957 1187 4019 visum
1212 3981 1279 4022 esse
1306 3959 1410 4045 ipsum
1440 3959 1607 4024 Melitenis
1633 3984 1712 4046 epus

607 4058 674 4135 περὶ
696 4056 866 4134 &mommo
888 4060 979 4130 Θεοῦ,
1005 4057 1095 4139 cujus
1120 4059 1246 4141 quidem
1271 4060 1383 4123 titulus
1404 4062 1446 4123 ad
1470 4062 1620 4125 notitiam
1645 4065 1713 4146 ejus

606 4158 811 4241 pervenisset.

651 4260 782 4320 Interea
811 4259 1025 4342 Hieronymus
1048 4263 1193 4325 Graecam
1218 4264 1349 4325 Eusebii
1372 4286 1480 4326 vocem
1503 4266 1648 4342 retinuit,
1666 4266 1711 4327 in-

606 4366 722 4433 certus,
748 4368 784 4422 ut
811 4360 907 4423 Cario
924 4361 955 4420 in
974 4362 1060 4424 Hie.
1083 4365 1255 4439 lateraria,
1280 4388 1307 4426 v.
1325 4364 1443 4437 Mel-tto,
1473 4366 1609 4443 videtur,
1635 4365 1706 4450 quid

606 4459 749 4526 veluerit.
798 4459 906 4522 Verlit
921 4471 1028 4523 autom
1047 4465 1194 4539 Rufimm,
1207 4468 1256 4527 De
1272 4468 1336 4528 Dee
1351 4489 1471 4549 corpere
1486 4469 1602 4532 meato.
