<?xml version="1.0" encoding="UTF-8"?>
<!DOCTYPE html PUBLIC "-//W3C//DTD XHTML 1.0 Transitional//EN"
    "http://www.w3.org/TR/xhtml1/DTD/xhtml1-transitional.dtd">
<html xmlns="http://www.w3.org/1999/xhtml" xml:lang="en" lang="en">
 <head>
  <title>
</title>
<meta http-equiv="Content-Type" content="text/html;charset=utf-8" />
  <meta name='ocr-system' content='tesseract 3.04.00' />
  <meta name='ocr-capabilities' content='ocr_page ocr_carea ocr_par ocr_line ocrx_word'/>
</head>
<body>
  <div class='ocr_page' id='page_1' title='image "./reliquiaesacrae04routgoog_0188.png"; bbox 0 0 4359 5150; ppageno 0'>
   <div class='ocr_carea' id='block_1_1' title="bbox 537 451 1268 518">
    <p class='ocr_par' dir='ltr' id='par_1_1' title="bbox 537 451 1268 518">
     <span class='ocr_line' id='line_1_1' title="bbox 537 451 1268 518; baseline 0.007 -6"><span class='ocrx_word' id='word_1_1' title='bbox 537 451 602 513; x_wconf 80' lang='lat'><strong>138</strong></span> <span class='ocrx_word' id='word_1_2' title='bbox 906 452 1268 518; x_wconf 86' lang='lat' dir='ltr'><strong>ANNOTATIONES</strong></span> 
     </span>
    </p>
   </div>
   <div class='ocr_carea' id='block_1_2' title="bbox 539 622 1644 1726">
    <p class='ocr_par' dir='ltr' id='par_1_2' title="bbox 539 622 1644 1726">
     <span class='ocr_line' id='line_1_2' title="bbox 584 622 1639 710; baseline 0.004 -26"><span class='ocrx_word' id='word_1_3' title='bbox 584 622 668 685; x_wconf 87' lang='lat' dir='ltr'><strong>Ibid.</strong></span> <span class='ocrx_word' id='word_1_4' title='bbox 677 622 698 684; x_wconf 90' lang='lat' dir='ltr'><strong>l.</strong></span> <span class='ocrx_word' id='word_1_5' title='bbox 711 641 761 685; x_wconf 85' lang='lat'><strong>20.</strong></span> <span class='ocrx_word' id='word_1_6' title='bbox 772 624 788 684; x_wconf 89' lang='grc' dir='ltr'>ὁ</span> <span class='ocrx_word' id='word_1_7' title='bbox 800 626 866 701; x_wconf 78' lang='grc' dir='ltr'>περὶ</span> <span class='ocrx_word' id='word_1_8' title='bbox 877 626 1005 702; x_wconf 78' lang='grc' dir='ltr'>ὑπακοῆς</span> <span class='ocrx_word' id='word_1_9' title='bbox 1014 627 1143 691; x_wconf 82' lang='grc' dir='ltr'>πίστεως</span> <span class='ocrx_word' id='word_1_10' title='bbox 1154 626 1202 688; x_wconf 84' lang='grc' dir='ltr'><strong>καὶ</strong></span> <span class='ocrx_word' id='word_1_11' title='bbox 1213 627 1230 687; x_wconf 85' lang='grc' dir='ltr'>ὑ</span> <span class='ocrx_word' id='word_1_12' title='bbox 1241 628 1308 705; x_wconf 77' lang='grc' dir='ltr'>περὶ</span> <span class='ocrx_word' id='word_1_13' title='bbox 1320 627 1531 710; x_wconf 84' lang='grc' dir='ltr'>αίσθητηρίσιν]</span> <span class='ocrx_word' id='word_1_14' title='bbox 1546 626 1639 709; x_wconf 88' lang='lat' dir='ltr'><strong>Apud</strong></span> 
     </span>
     <span class='ocr_line' id='line_1_3' title="bbox 541 723 1639 808; baseline 0.003 -21"><span class='ocrx_word' id='word_1_15' title='bbox 541 723 672 807; x_wconf 87' lang='lat' dir='ltr'><strong>Niceph.</strong></span> <span class='ocrx_word' id='word_1_16' title='bbox 687 723 803 806; x_wconf 78' lang='lat' dir='ltr'><strong>legitur</strong></span> <span class='ocrx_word' id='word_1_17' title='bbox 817 727 834 787; x_wconf 87' lang='grc' dir='ltr'>ὑ</span> <span class='ocrx_word' id='word_1_18' title='bbox 849 730 917 806; x_wconf 82' lang='grc' dir='ltr'>περὶ</span> <span class='ocrx_word' id='word_1_19' title='bbox 933 727 1063 803; x_wconf 78' lang='grc' dir='ltr'>ὑπακοῆς</span> <span class='ocrx_word' id='word_1_20' title='bbox 1079 729 1216 793; x_wconf 84' lang='grc' dir='ltr'>πίστεως·</span> <span class='ocrx_word' id='word_1_21' title='bbox 1240 728 1288 791; x_wconf 82' lang='grc' dir='ltr'><strong>καὶ</strong></span> <span class='ocrx_word' id='word_1_22' title='bbox 1306 730 1322 790; x_wconf 87' lang='grc' dir='ltr'>ὑ</span> <span class='ocrx_word' id='word_1_23' title='bbox 1341 729 1409 808; x_wconf 74' lang='grc' dir='ltr'>περὶ</span> <span class='ocrx_word' id='word_1_24' title='bbox 1429 729 1639 808; x_wconf 77' lang='grc' dir='ltr'>αἰσθητηρίων,</span> 
     </span>
     <span class='ocr_line' id='line_1_4' title="bbox 539 825 1643 903; baseline -0.001 -13"><span class='ocrx_word' id='word_1_25' title='bbox 539 832 577 890; x_wconf 87' lang='lat' dir='ltr'><strong>ut</strong></span> <span class='ocrx_word' id='word_1_26' title='bbox 592 826 655 888; x_wconf 92' lang='lat' dir='ltr'><strong>duo</strong></span> <span class='ocrx_word' id='word_1_27' title='bbox 670 825 787 890; x_wconf 75' lang='lat' dir='ltr'><strong>fuerint</strong></span> <span class='ocrx_word' id='word_1_28' title='bbox 804 825 967 890; x_wconf 87' lang='lat' dir='ltr'><strong>Melitonis</strong></span> <span class='ocrx_word' id='word_1_29' title='bbox 982 825 1072 890; x_wconf 90' lang='lat' dir='ltr'><strong>libri:</strong></span> <span class='ocrx_word' id='word_1_30' title='bbox 1096 827 1179 892; x_wconf 86' lang='lat' dir='ltr'><strong>alter</strong></span> <span class='ocrx_word' id='word_1_31' title='bbox 1192 828 1233 891; x_wconf 92' lang='lat' dir='ltr'><strong>de</strong></span> <span class='ocrx_word' id='word_1_32' title='bbox 1248 828 1431 893; x_wconf 89' lang='lat' dir='ltr'><strong>obedientia</strong></span> <span class='ocrx_word' id='word_1_33' title='bbox 1444 828 1539 903; x_wconf 88' lang='lat' dir='ltr'><strong>fidei;</strong></span> <span class='ocrx_word' id='word_1_34' title='bbox 1561 828 1643 891; x_wconf 85' lang='lat' dir='ltr'><strong>alter</strong></span> 
     </span>
     <span class='ocr_line' id='line_1_5' title="bbox 540 927 1642 1015; baseline 0.001 -25"><span class='ocrx_word' id='word_1_35' title='bbox 540 928 581 991; x_wconf 93' lang='lat' dir='ltr'><strong>de</strong></span> <span class='ocrx_word' id='word_1_36' title='bbox 603 927 764 1001; x_wconf 89' lang='lat' dir='ltr'><strong>sensibus;</strong></span> <span class='ocrx_word' id='word_1_37' title='bbox 789 927 884 1011; x_wconf 90' lang='lat' dir='ltr'><strong>idque</strong></span> <span class='ocrx_word' id='word_1_38' title='bbox 907 928 1097 993; x_wconf 87' lang='lat' dir='ltr'><strong>confirmant</strong></span> <span class='ocrx_word' id='word_1_39' title='bbox 1121 929 1337 1015; x_wconf 78' lang='lat' dir='ltr'><strong>Hieronymus</strong></span> <span class='ocrx_word' id='word_1_40' title='bbox 1357 939 1391 996; x_wconf 90' lang='lat' dir='ltr'><strong>ct</strong></span> <span class='ocrx_word' id='word_1_41' title='bbox 1413 931 1557 994; x_wconf 84' lang='lat' dir='ltr'><strong>Rufinus.</strong></span> <span class='ocrx_word' id='word_1_42' title='bbox 1603 929 1642 992; x_wconf 91' lang='lat' dir='ltr'><strong>In</strong></span> 
     </span>
     <span class='ocr_line' id='line_1_6' title="bbox 540 1029 1643 1116; baseline 0.003 -23"><span class='ocrx_word' id='word_1_43' title='bbox 540 1029 685 1093; x_wconf 93' lang='lat' dir='ltr'><strong>omnibus</strong></span> <span class='ocrx_word' id='word_1_44' title='bbox 709 1037 817 1093; x_wconf 88' lang='lat' dir='ltr'><strong>tamen</strong></span> <span class='ocrx_word' id='word_1_45' title='bbox 839 1030 956 1094; x_wconf 89' lang='lat' dir='ltr'><strong>nostris</strong></span> <span class='ocrx_word' id='word_1_46' title='bbox 977 1030 1139 1094; x_wconf 72' lang='lat' dir='ltr'><strong>&#39;codicibus</strong></span> <span class='ocrx_word' id='word_1_47' title='bbox 1161 1031 1278 1116; x_wconf 84' lang='lat' dir='ltr'><strong>legitur</strong></span> <span class='ocrx_word' id='word_1_48' title='bbox 1300 1033 1391 1096; x_wconf 76' lang='lat' dir='ltr'><strong>said</strong></span> <span class='ocrx_word' id='word_1_49' title='bbox 1418 1034 1486 1113; x_wconf 75' lang='grc' dir='ltr'>περὶ</span> <span class='ocrx_word' id='word_1_50' title='bbox 1512 1034 1643 1108; x_wconf 78' lang='grc' dir='ltr'>ὑπακοῆς</span> 
     </span>
     <span class='ocr_line' id='line_1_7' title="bbox 539 1132 1643 1218; baseline -0.001 -23"><span class='ocrx_word' id='word_1_51' title='bbox 539 1133 667 1197; x_wconf 84' lang='grc' dir='ltr'>πίστεως</span> <span class='ocrx_word' id='word_1_52' title='bbox 682 1133 879 1211; x_wconf 75' lang='grc' dir='ltr'>αἰσθητηρίων</span> <span class='ocrx_word' id='word_1_53' title='bbox 893 1132 1013 1215; x_wconf 91' lang='lat' dir='ltr'><strong>absque</strong></span> <span class='ocrx_word' id='word_1_54' title='bbox 1027 1132 1241 1210; x_wconf 87' lang='lat' dir='ltr'><strong>distinctione,</strong></span> <span class='ocrx_word' id='word_1_55' title='bbox 1254 1156 1350 1218; x_wconf 93' lang='lat' dir='ltr'><strong>quam</strong></span> <span class='ocrx_word' id='word_1_56' title='bbox 1364 1134 1445 1198; x_wconf 88' lang='lat' dir='ltr'><strong>Rob.</strong></span> <span class='ocrx_word' id='word_1_57' title='bbox 1459 1132 1643 1217; x_wconf 75' lang='lat' dir='ltr'>Stephanus</span> 
     </span>
     <span class='ocr_line' id='line_1_8' title="bbox 540 1232 1644 1320; baseline -0.003 -24"><span class='ocrx_word' id='word_1_58' title='bbox 540 1239 614 1316; x_wconf 87' lang='lat' dir='ltr'><strong>post</strong></span> <span class='ocrx_word' id='word_1_59' title='bbox 632 1253 739 1296; x_wconf 85' lang='lat' dir='ltr'><strong>vocem</strong></span> <span class='ocrx_word' id='word_1_60' title='bbox 759 1233 887 1299; x_wconf 86' lang='grc' dir='ltr'>πίστεως</span> <span class='ocrx_word' id='word_1_61' title='bbox 907 1233 1034 1317; x_wconf 87' lang='lat' dir='ltr'><strong>adjecit.</strong></span> <span class='ocrx_word' id='word_1_62' title='bbox 1081 1234 1159 1298; x_wconf 83' lang='lat' dir='ltr'><strong>Fuit</strong></span> <span class='ocrx_word' id='word_1_63' title='bbox 1181 1234 1280 1320; x_wconf 84' lang='lat' dir='ltr'><strong>igitur</strong></span> <span class='ocrx_word' id='word_1_64' title='bbox 1301 1235 1352 1300; x_wconf 92' lang='lat' dir='ltr'><strong>hic</strong></span> <span class='ocrx_word' id='word_1_65' title='bbox 1376 1234 1543 1299; x_wconf 89' lang='lat' dir='ltr'><strong>Melitonis</strong></span> <span class='ocrx_word' id='word_1_66' title='bbox 1564 1232 1644 1296; x_wconf 89' lang='lat' dir='ltr'><strong>liber</strong></span> 
     </span>
     <span class='ocr_line' id='line_1_9' title="bbox 541 1334 1643 1421; baseline -0.002 -23"><span class='ocrx_word' id='word_1_67' title='bbox 541 1335 588 1399; x_wconf 88' lang='lat' dir='ltr'><strong>ita</strong></span> <span class='ocrx_word' id='word_1_68' title='bbox 603 1335 791 1419; x_wconf 89' lang='lat' dir='ltr'><strong>inscriptus:</strong></span> <span class='ocrx_word' id='word_1_69' title='bbox 816 1334 866 1398; x_wconf 90' lang='lat' dir='ltr'><strong>De</strong></span> <span class='ocrx_word' id='word_1_70' title='bbox 881 1335 1064 1399; x_wconf 91' lang='lat' dir='ltr'><strong>obedientia</strong></span> <span class='ocrx_word' id='word_1_71' title='bbox 1083 1357 1234 1400; x_wconf 86' lang='lat' dir='ltr'><strong>sensuum</strong></span> <span class='ocrx_word' id='word_1_72' title='bbox 1255 1336 1348 1401; x_wconf 81' lang='lat' dir='ltr'><strong>fidei:</strong></span> <span class='ocrx_word' id='word_1_73' title='bbox 1370 1359 1425 1400; x_wconf 90' lang='lat' dir='ltr'><strong>scu</strong></span> <span class='ocrx_word' id='word_1_74' title='bbox 1449 1336 1536 1421; x_wconf 92' lang='lat' dir='ltr'><strong>quod</strong></span> <span class='ocrx_word' id='word_1_75' title='bbox 1558 1334 1643 1398; x_wconf 86' lang='lat' dir='ltr'><strong>idern</strong></span> 
     </span>
     <span class='ocr_line' id='line_1_10' title="bbox 541 1434 1644 1521; baseline -0.001 -22"><span class='ocrx_word' id='word_1_76' title='bbox 541 1449 601 1509; x_wconf 88' lang='lat' dir='ltr'><strong>est,</strong></span> <span class='ocrx_word' id='word_1_77' title='bbox 625 1435 665 1499; x_wconf 90' lang='lat' dir='ltr'><strong>de</strong></span> <span class='ocrx_word' id='word_1_78' title='bbox 685 1434 867 1500; x_wconf 88' lang='lat' dir='ltr'><strong>obedientia</strong></span> <span class='ocrx_word' id='word_1_79' title='bbox 889 1435 961 1499; x_wconf 81' lang='lat' dir='ltr'><strong>fidei</strong></span> <span class='ocrx_word' id='word_1_80' title='bbox 987 1457 1058 1521; x_wconf 84' lang='lat' dir='ltr'><strong>quae</strong></span> <span class='ocrx_word' id='word_1_81' title='bbox 1084 1439 1121 1501; x_wconf 86' lang='lat' dir='ltr'><strong>fit</strong></span> <span class='ocrx_word' id='word_1_82' title='bbox 1147 1459 1167 1500; x_wconf 92' lang='lat' dir='ltr'><strong>a</strong></span> <span class='ocrx_word' id='word_1_83' title='bbox 1193 1439 1347 1502; x_wconf 81' lang='lat' dir='ltr'>sensibus.</span> <span class='ocrx_word' id='word_1_84' title='bbox 1399 1438 1538 1519; x_wconf 78' lang='lat' dir='ltr'><strong>Quidam</strong></span> <span class='ocrx_word' id='word_1_85' title='bbox 1560 1435 1644 1500; x_wconf 91' lang='lat' dir='ltr'><strong>enim</strong></span> 
     </span>
     <span class='ocr_line' id='line_1_11' title="bbox 541 1536 1644 1625; baseline -0.002 -24"><span class='ocrx_word' id='word_1_86' title='bbox 541 1537 683 1601; x_wconf 77' lang='lat' dir='ltr'><strong>haeretici</strong></span> <span class='ocrx_word' id='word_1_87' title='bbox 712 1536 851 1610; x_wconf 79' lang='lat' dir='ltr'><strong>aiebant,</strong></span> <span class='ocrx_word' id='word_1_88' title='bbox 878 1536 1031 1602; x_wconf 91' lang='lat' dir='ltr'><strong>animales</strong></span> <span class='ocrx_word' id='word_1_89' title='bbox 1060 1539 1189 1622; x_wconf 89' lang='lat' dir='ltr'><strong>quidem</strong></span> <span class='ocrx_word' id='word_1_90' title='bbox 1219 1562 1274 1604; x_wconf 85' lang='lat' dir='ltr'><strong>seu</strong></span> <span class='ocrx_word' id='word_1_91' title='bbox 1304 1540 1469 1625; x_wconf 77' lang='lat' dir='ltr'>psychicos</span> <span class='ocrx_word' id='word_1_92' title='bbox 1494 1558 1644 1602; x_wconf 90' lang='lat' dir='ltr'><strong>sensuum</strong></span> 
     </span>
     <span class='ocr_line' id='line_1_12' title="bbox 542 1637 1644 1726; baseline 0 -23"><span class='ocrx_word' id='word_1_93' title='bbox 542 1661 640 1726; x_wconf 90' lang='lat' dir='ltr'><strong>opera</strong></span> <span class='ocrx_word' id='word_1_94' title='bbox 662 1639 807 1702; x_wconf 88' lang='lat' dir='ltr'><strong>credere:</strong></span> <span class='ocrx_word' id='word_1_95' title='bbox 834 1637 993 1722; x_wconf 85' lang='lat' dir='ltr'><strong>spiritales</strong></span> <span class='ocrx_word' id='word_1_96' title='bbox 1015 1660 1089 1702; x_wconf 87' lang='lat' dir='ltr'><strong>vero</strong></span> <span class='ocrx_word' id='word_1_97' title='bbox 1111 1661 1170 1724; x_wconf 89' lang='lat' dir='ltr'><strong>per</strong></span> <span class='ocrx_word' id='word_1_98' title='bbox 1191 1640 1358 1705; x_wconf 89' lang='lat' dir='ltr'><strong>rationem.</strong></span> <span class='ocrx_word' id='word_1_99' title='bbox 1406 1642 1461 1706; x_wconf 92' lang='lat' dir='ltr'><strong>Ita</strong></span> <span class='ocrx_word' id='word_1_100' title='bbox 1484 1639 1644 1704; x_wconf 87' lang='lat' dir='ltr'><strong>Heracleo</strong></span> 
     </span>
    </p>
   </div>
   <div class='ocr_carea' id='block_1_3' title="bbox 536 1740 1645 2234">
    <p class='ocr_par' dir='ltr' id='par_1_3' title="bbox 536 1740 1645 2234">
     <span class='ocr_line' id='line_1_13' title="bbox 543 1740 1645 1827; baseline -0.002 -20"><span class='ocrx_word' id='word_1_101' title='bbox 543 1740 723 1826; x_wconf 79' lang='lat' dir='ltr'><strong>explicabat</strong></span> <span class='ocrx_word' id='word_1_102' title='bbox 740 1740 843 1804; x_wconf 91' lang='lat' dir='ltr'><strong>locum</strong></span> <span class='ocrx_word' id='word_1_103' title='bbox 864 1740 950 1802; x_wconf 87' lang='lat' dir='ltr'><strong>illum</strong></span> <span class='ocrx_word' id='word_1_104' title='bbox 971 1762 1011 1802; x_wconf 87' lang='lat' dir='ltr'><strong>ex</strong></span> <span class='ocrx_word' id='word_1_105' title='bbox 1033 1740 1171 1804; x_wconf 88' lang='lat' dir='ltr'><strong>Joannis</strong></span> <span class='ocrx_word' id='word_1_106' title='bbox 1194 1740 1386 1827; x_wconf 81' lang='lat' dir='ltr'><strong>Evangelio:</strong></span> <span class='ocrx_word' id='word_1_107' title='bbox 1408 1742 1486 1805; x_wconf 76' lang='lat' dir='ltr'><strong>Nisi</strong></span> <span class='ocrx_word' id='word_1_108' title='bbox 1507 1741 1598 1826; x_wconf 74' lang='grc' dir='ltr'>τίριισ</span> <span class='ocrx_word' id='word_1_109' title='bbox 1617 1748 1645 1804; x_wconf 71' lang='lat' dir='ltr'><strong>ot</strong></span> 
     </span>
     <span class='ocr_line' id='line_1_14' title="bbox 536 1842 1644 1929; baseline 0.001 -23"><span class='ocrx_word' id='word_1_110' title='bbox 536 1843 686 1929; x_wconf 65' lang='lat' dir='ltr'><strong>prodigiis</strong></span> <span class='ocrx_word' id='word_1_111' title='bbox 715 1842 863 1919; x_wconf 77' lang='lat' dir='ltr'><strong>vider-itis,</strong></span> <span class='ocrx_word' id='word_1_112' title='bbox 888 1863 947 1904; x_wconf 82' lang='lat' dir='ltr'><strong>aaa</strong></span> <span class='ocrx_word' id='word_1_113' title='bbox 970 1842 1103 1906; x_wconf 73' lang='grc' dir='ltr'>οτιιίατὶτ.</span> <span class='ocrx_word' id='word_1_114' title='bbox 1165 1844 1243 1925; x_wconf 80' lang='lat' dir='ltr'><strong>Quae</strong></span> <span class='ocrx_word' id='word_1_115' title='bbox 1270 1843 1388 1909; x_wconf 80' lang='lat' dir='ltr'><strong>Christi</strong></span> <span class='ocrx_word' id='word_1_116' title='bbox 1412 1844 1510 1907; x_wconf 87' lang='lat' dir='ltr'><strong>verba</strong></span> <span class='ocrx_word' id='word_1_117' title='bbox 1537 1843 1644 1908; x_wconf 84' lang='lat' dir='ltr'><strong>aiebat</strong></span> 
     </span>
     <span class='ocr_line' id='line_1_15' title="bbox 544 1943 1644 2031; baseline 0 -23"><span class='ocrx_word' id='word_1_118' title='bbox 544 1945 702 2009; x_wconf 87' lang='lat' dir='ltr'><strong>Heracleo</strong></span> <span class='ocrx_word' id='word_1_119' title='bbox 717 1944 778 2007; x_wconf 91' lang='lat' dir='ltr'><strong>dici</strong></span> <span class='ocrx_word' id='word_1_120' title='bbox 793 1943 923 2027; x_wconf 90' lang='lat' dir='ltr'><strong>proprie</strong></span> <span class='ocrx_word' id='word_1_121' title='bbox 937 1945 979 2007; x_wconf 88' lang='lat' dir='ltr'><strong>ad</strong></span> <span class='ocrx_word' id='word_1_122' title='bbox 995 1966 1060 2021; x_wconf 89' lang='lat' dir='ltr'><strong>eos,</strong></span> <span class='ocrx_word' id='word_1_123' title='bbox 1076 1944 1130 2029; x_wconf 91' lang='lat' dir='ltr'><strong>qui</strong></span> <span class='ocrx_word' id='word_1_124' title='bbox 1145 1967 1203 2029; x_wconf 87' lang='lat' dir='ltr'><strong>per</strong></span> <span class='ocrx_word' id='word_1_125' title='bbox 1217 1968 1314 2031; x_wconf 92' lang='lat' dir='ltr'><strong>opera</strong></span> <span class='ocrx_word' id='word_1_126' title='bbox 1325 1952 1359 2010; x_wconf 91' lang='lat' dir='ltr'><strong>et</strong></span> <span class='ocrx_word' id='word_1_127' title='bbox 1369 1967 1480 2010; x_wconf 87' lang='lat' dir='ltr'><strong>sensus</strong></span> <span class='ocrx_word' id='word_1_128' title='bbox 1495 1952 1644 2010; x_wconf 90' lang='lat' dir='ltr'><strong>naturam</strong></span> 
     </span>
     <span class='ocr_line' id='line_1_16' title="bbox 543 2044 1643 2132; baseline 0.001 -23"><span class='ocrx_word' id='word_1_129' title='bbox 543 2046 684 2110; x_wconf 77' lang='lat' dir='ltr'><strong>habeant</strong></span> <span class='ocrx_word' id='word_1_130' title='bbox 699 2044 875 2117; x_wconf 89' lang='lat' dir='ltr'><strong>obediendi,</strong></span> <span class='ocrx_word' id='word_1_131' title='bbox 893 2065 956 2106; x_wconf 90' lang='lat' dir='ltr'><strong>non</strong></span> <span class='ocrx_word' id='word_1_132' title='bbox 971 2050 1079 2108; x_wconf 90' lang='lat' dir='ltr'><strong>autem</strong></span> <span class='ocrx_word' id='word_1_133' title='bbox 1094 2046 1244 2110; x_wconf 89' lang='lat' dir='ltr'><strong>credendi</strong></span> <span class='ocrx_word' id='word_1_134' title='bbox 1258 2069 1317 2132; x_wconf 89' lang='lat' dir='ltr'><strong>per</strong></span> <span class='ocrx_word' id='word_1_135' title='bbox 1330 2048 1499 2112; x_wconf 88' lang='lat' dir='ltr'><strong>rationem.</strong></span> <span class='ocrx_word' id='word_1_136' title='bbox 1533 2047 1643 2111; x_wconf 78' lang='lat' dir='ltr'><strong>Refert</strong></span> 
     </span>
     <span class='ocr_line' id='line_1_17' title="bbox 544 2146 1642 2234; baseline 0.001 -23"><span class='ocrx_word' id='word_1_137' title='bbox 544 2150 611 2213; x_wconf 89' lang='lat' dir='ltr'><strong>haec</strong></span> <span class='ocrx_word' id='word_1_138' title='bbox 627 2148 780 2233; x_wconf 75' lang='lat' dir='ltr'><strong>Origenes</strong></span> <span class='ocrx_word' id='word_1_139' title='bbox 796 2146 1032 2209; x_wconf 80' lang='lat' dir='ltr'><strong>enarrationum</strong></span> <span class='ocrx_word' id='word_1_140' title='bbox 1048 2146 1080 2209; x_wconf 93' lang='lat' dir='ltr'><strong>in</strong></span> <span class='ocrx_word' id='word_1_141' title='bbox 1096 2148 1233 2212; x_wconf 85' lang='lat' dir='ltr'><strong>Joanuis</strong></span> <span class='ocrx_word' id='word_1_142' title='bbox 1251 2148 1460 2234; x_wconf 82' lang='lat' dir='ltr'><strong>Evangelium</strong></span> <span class='ocrx_word' id='word_1_143' title='bbox 1479 2156 1570 2213; x_wconf 90' lang='lat' dir='ltr'><strong>tomo</strong></span> <span class='ocrx_word' id='word_1_144' title='bbox 1595 2168 1642 2234; x_wconf 81' lang='lat'><strong>13.</strong></span> 
     </span>
    </p>
   </div>
   <div class='ocr_carea' id='block_1_4' title="bbox 543 2249 1651 4466">
    <p class='ocr_par' dir='ltr' id='par_1_4' title="bbox 543 2249 1651 4466">
     <span class='ocr_line' id='line_1_18' title="bbox 544 2249 1644 2336; baseline -0.003 -20"><span class='ocrx_word' id='word_1_145' title='bbox 544 2251 598 2316; x_wconf 92' lang='lat' dir='ltr'><strong>ubi</strong></span> <span class='ocrx_word' id='word_1_146' title='bbox 619 2250 651 2313; x_wconf 87' lang='lat' dir='ltr'><strong>id</strong></span> <span class='ocrx_word' id='word_1_147' title='bbox 674 2250 804 2326; x_wconf 84' lang='lat' dir='ltr'><strong>refutat,</strong></span> <span class='ocrx_word' id='word_1_148' title='bbox 827 2249 983 2332; x_wconf 83' lang='lat' dir='ltr'><strong>docetque</strong></span> <span class='ocrx_word' id='word_1_149' title='bbox 1007 2257 1075 2312; x_wconf 88' lang='lat' dir='ltr'><strong>tam</strong></span> <span class='ocrx_word' id='word_1_150' title='bbox 1101 2249 1259 2333; x_wconf 90' lang='lat' dir='ltr'><strong>spiritales</strong></span> <span class='ocrx_word' id='word_1_151' title='bbox 1282 2273 1378 2336; x_wconf 91' lang='lat' dir='ltr'><strong>quam</strong></span> <span class='ocrx_word' id='word_1_152' title='bbox 1403 2251 1558 2316; x_wconf 88' lang='lat' dir='ltr'><strong>animales</strong></span> <span class='ocrx_word' id='word_1_153' title='bbox 1583 2272 1644 2314; x_wconf 90' lang='lat' dir='ltr'><strong>non</strong></span> 
     </span>
     <span class='ocr_line' id='line_1_19' title="bbox 543 2350 1644 2439; baseline -0.002 -22"><span class='ocrx_word' id='word_1_154' title='bbox 543 2375 636 2437; x_wconf 89' lang='lat' dir='ltr'><strong>posse</strong></span> <span class='ocrx_word' id='word_1_155' title='bbox 653 2351 711 2415; x_wconf 92' lang='lat' dir='ltr'><strong>nisi</strong></span> <span class='ocrx_word' id='word_1_156' title='bbox 726 2373 784 2436; x_wconf 88' lang='lat' dir='ltr'><strong>per</strong></span> <span class='ocrx_word' id='word_1_157' title='bbox 794 2371 919 2414; x_wconf 88' lang='lat' dir='ltr'><strong>sensum</strong></span> <span class='ocrx_word' id='word_1_158' title='bbox 932 2351 1071 2414; x_wconf 89' lang='lat' dir='ltr'><strong>credere.</strong></span> <span class='ocrx_word' id='word_1_159' title='bbox 1101 2350 1182 2413; x_wconf 72' lang='lat' dir='ltr'><strong>vn.</strong></span> <span class='ocrx_word' id='word_1_160' title='bbox 1215 2353 1390 2439; x_wconf 83' lang='lat' dir='ltr'>Apostolus</span> <span class='ocrx_word' id='word_1_161' title='bbox 1402 2353 1509 2426; x_wconf 83' lang='lat' dir='ltr'><strong>habet,</strong></span> <span class='ocrx_word' id='word_1_162' title='bbox 1522 2354 1644 2417; x_wconf 77' lang='grc' dir='ltr'>τελείαν</span> 
     </span>
     <span class='ocr_line' id='line_1_20' title="bbox 544 2451 1644 2535; baseline 0 -18"><span class='ocrx_word' id='word_1_163' title='bbox 544 2454 579 2518; x_wconf 73' lang='grc' dir='ltr'><strong>δέ</strong></span> <span class='ocrx_word' id='word_1_164' title='bbox 593 2456 657 2516; x_wconf 77' lang='grc' dir='ltr'>ἔστι</span> <span class='ocrx_word' id='word_1_165' title='bbox 671 2454 690 2532; x_wconf 82' lang='grc' dir='ltr'><em>ἡ</em></span> <span class='ocrx_word' id='word_1_166' title='bbox 705 2456 813 2533; x_wconf 71' lang='grc' dir='ltr'>στερεὰ</span> <span class='ocrx_word' id='word_1_167' title='bbox 828 2451 933 2532; x_wconf 87' lang='grc' dir='ltr'>τροφῆ,</span> <span class='ocrx_word' id='word_1_168' title='bbox 949 2458 1007 2515; x_wconf 81' lang='grc' dir='ltr'><strong>τῶν</strong></span> <span class='ocrx_word' id='word_1_169' title='bbox 1022 2455 1071 2514; x_wconf 79' lang='grc' dir='ltr'><strong>διὰ</strong></span> <span class='ocrx_word' id='word_1_170' title='bbox 1085 2452 1139 2530; x_wconf 84' lang='grc' dir='ltr'><strong>τῆν</strong></span> <span class='ocrx_word' id='word_1_171' title='bbox 1156 2453 1217 2531; x_wconf 75' lang='grc' dir='ltr'>ἕξιν</span> <span class='ocrx_word' id='word_1_172' title='bbox 1232 2457 1268 2517; x_wconf 73' lang='grc' dir='ltr'><strong>τὰ</strong></span> <span class='ocrx_word' id='word_1_173' title='bbox 1283 2453 1457 2534; x_wconf 80' lang='grc' dir='ltr'>αἰσθητήρια</span> <span class='ocrx_word' id='word_1_174' title='bbox 1477 2479 1644 2535; x_wconf 74' lang='grc' dir='ltr'>γεγνμνασ-</span> 
     </span>
     <span class='ocr_line' id='line_1_21' title="bbox 544 2553 1643 2636; baseline 0 -19"><span class='ocrx_word' id='word_1_175' title='bbox 544 2554 621 2634; x_wconf 70' lang='grc' dir='ltr'>μένα</span> <span class='ocrx_word' id='word_1_176' title='bbox 636 2555 768 2636; x_wconf 67' lang='grc' dir='ltr'>ἑχόντων</span> <span class='ocrx_word' id='word_1_177' title='bbox 784 2553 857 2633; x_wconf 86' lang='grc' dir='ltr'>πρὸς</span> <span class='ocrx_word' id='word_1_178' title='bbox 873 2553 1019 2634; x_wconf 77' lang='grc' dir='ltr'>διάκρισιν</span> <span class='ocrx_word' id='word_1_179' title='bbox 1036 2558 1128 2617; x_wconf 80' lang='grc' dir='ltr'>καλοῦ</span> <span class='ocrx_word' id='word_1_180' title='bbox 1143 2579 1176 2618; x_wconf 83' lang='grc' dir='ltr'><strong>τε</strong></span> <span class='ocrx_word' id='word_1_181' title='bbox 1192 2556 1240 2619; x_wconf 77' lang='grc' dir='ltr'><strong>καὶ</strong></span> <span class='ocrx_word' id='word_1_182' title='bbox 1255 2560 1355 2619; x_wconf 81' lang='grc' dir='ltr'>κακοῦ.</span> <span class='ocrx_word' id='word_1_183' title='bbox 1395 2553 1470 2619; x_wconf 72' lang='lat' dir='ltr'><strong>Hah.</strong></span> <span class='ocrx_word' id='word_1_184' title='bbox 1488 2577 1517 2618; x_wconf 86' lang='lat' dir='ltr'><strong>v.</strong></span> <span class='ocrx_word' id='word_1_185' title='bbox 1534 2576 1643 2618; x_wconf 87' lang='lat' dir='ltr'><strong>comm.</strong></span> 
     </span>
     <span class='ocr_line' id='line_1_22' title="bbox 545 2654 1643 2739; baseline -0.001 -20"><span class='ocrx_word' id='word_1_186' title='bbox 545 2657 602 2720; x_wconf 86' lang='lat' dir='ltr'><strong>uit.</strong></span> <span class='ocrx_word' id='word_1_187' title='bbox 644 2657 800 2718; x_wconf 86' lang='lat' dir='ltr'><strong>Attamen</strong></span> <span class='ocrx_word' id='word_1_188' title='bbox 816 2654 978 2718; x_wconf 90' lang='lat' dir='ltr'><strong>Strothius</strong></span> <span class='ocrx_word' id='word_1_189' title='bbox 993 2655 1161 2718; x_wconf 92' lang='lat' dir='ltr'><strong>lectionem</strong></span> <span class='ocrx_word' id='word_1_190' title='bbox 1176 2657 1309 2720; x_wconf 89' lang='lat' dir='ltr'><strong>alteram</strong></span> <span class='ocrx_word' id='word_1_191' title='bbox 1325 2657 1357 2719; x_wconf 92' lang='lat' dir='ltr'><strong>in</strong></span> <span class='ocrx_word' id='word_1_192' title='bbox 1372 2663 1499 2720; x_wconf 85' lang='lat' dir='ltr'><strong>textum</strong></span> <span class='ocrx_word' id='word_1_193' title='bbox 1515 2655 1643 2739; x_wconf 88' lang='lat' dir='ltr'><strong>recepit,</strong></span> 
     </span>
     <span class='ocr_line' id='line_1_23' title="bbox 545 2757 1644 2841; baseline -0.001 -19"><span class='ocrx_word' id='word_1_194' title='bbox 545 2783 565 2822; x_wconf 92' lang='lat' dir='ltr'><strong>a</strong></span> <span class='ocrx_word' id='word_1_195' title='bbox 583 2758 840 2841; x_wconf 70' lang='grc' dir='ltr'>Οὑτὺιθιηιτὺονοοτιο</span> <span class='ocrx_word' id='word_1_196' title='bbox 857 2779 979 2841; x_wconf 92' lang='lat' dir='ltr'><strong>quoque</strong></span> <span class='ocrx_word' id='word_1_197' title='bbox 996 2757 1171 2841; x_wconf 82' lang='lat' dir='ltr'><strong>praelatanr.</strong></span> <span class='ocrx_word' id='word_1_198' title='bbox 1217 2761 1312 2823; x_wconf 80' lang='lat' dir='ltr'><strong>Certe</strong></span> <span class='ocrx_word' id='word_1_199' title='bbox 1328 2759 1404 2821; x_wconf 91' lang='lat' dir='ltr'><strong>nihil</strong></span> <span class='ocrx_word' id='word_1_200' title='bbox 1420 2758 1543 2822; x_wconf 81' lang='lat' dir='ltr'><strong>facilius</strong></span> <span class='ocrx_word' id='word_1_201' title='bbox 1566 2766 1644 2834; x_wconf 90' lang='lat' dir='ltr'><strong>erat,</strong></span> 
     </span>
     <span class='ocr_line' id='line_1_24' title="bbox 546 2859 1644 2945; baseline 0.001 -23"><span class='ocrx_word' id='word_1_202' title='bbox 546 2883 641 2944; x_wconf 86' lang='lat' dir='ltr'><strong>quarn</strong></span> <span class='ocrx_word' id='word_1_203' title='bbox 657 2867 693 2923; x_wconf 90' lang='lat' dir='ltr'><strong>ut</strong></span> <span class='ocrx_word' id='word_1_204' title='bbox 709 2859 826 2922; x_wconf 85' lang='lat' dir='ltr'><strong>voculae</strong></span> <span class='ocrx_word' id='word_1_205' title='bbox 843 2861 920 2921; x_wconf 84' lang='grc' dir='ltr'><strong>καὶὸ</strong></span> <span class='ocrx_word' id='word_1_206' title='bbox 937 2861 1003 2939; x_wconf 82' lang='grc' dir='ltr'>περὶ</span> <span class='ocrx_word' id='word_1_207' title='bbox 1018 2860 1210 2923; x_wconf 85' lang='lat' dir='ltr'><strong>exciderent.</strong></span> <span class='ocrx_word' id='word_1_208' title='bbox 1258 2861 1312 2923; x_wconf 89' lang='lat' dir='ltr'><strong>Ita</strong></span> <span class='ocrx_word' id='word_1_209' title='bbox 1326 2860 1461 2945; x_wconf 84' lang='lat' dir='ltr'><strong>exempli</strong></span> <span class='ocrx_word' id='word_1_210' title='bbox 1477 2883 1575 2923; x_wconf 88' lang='lat' dir='ltr'><strong>causa</strong></span> <span class='ocrx_word' id='word_1_211' title='bbox 1593 2884 1644 2923; x_wconf 50' lang='lat' dir='ltr'><strong>cix-</strong></span> 
     </span>
     <span class='ocr_line' id='line_1_25' title="bbox 547 2960 1647 3042; baseline -0.003 -16"><span class='ocrx_word' id='word_1_212' title='bbox 547 2965 636 3026; x_wconf 88' lang='lat' dir='ltr'><strong>hibet</strong></span> <span class='ocrx_word' id='word_1_213' title='bbox 650 2962 739 3025; x_wconf 76' lang='lat' dir='ltr'><strong>codes</strong></span> <span class='ocrx_word' id='word_1_214' title='bbox 754 2960 844 3022; x_wconf 81' lang='lat' dir='ltr'><strong>Bodl.</strong></span> <span class='ocrx_word' id='word_1_215' title='bbox 861 2983 915 3023; x_wconf 89' lang='lat' dir='ltr'><strong>seu</strong></span> <span class='ocrx_word' id='word_1_216' title='bbox 932 2962 1029 3024; x_wconf 77' lang='lat' dir='ltr'><strong>Socii.</strong></span> <span class='ocrx_word' id='word_1_217' title='bbox 1052 2962 1095 3023; x_wconf 85' lang='grc' dir='ltr'><strong>ἔτι</strong></span> <span class='ocrx_word' id='word_1_218' title='bbox 1118 2965 1148 3024; x_wconf 79' lang='grc' dir='ltr'><strong>δὲ</strong></span> <span class='ocrx_word' id='word_1_219' title='bbox 1174 2964 1221 3023; x_wconf 83' lang='grc' dir='ltr'><strong>καὶ</strong></span> <span class='ocrx_word' id='word_1_220' title='bbox 1243 2965 1259 3024; x_wconf 89' lang='grc' dir='ltr'>ὁ</span> <span class='ocrx_word' id='word_1_221' title='bbox 1282 2963 1349 3042; x_wconf 82' lang='grc' dir='ltr'>περὶ</span> <span class='ocrx_word' id='word_1_222' title='bbox 1370 2963 1502 3040; x_wconf 86' lang='grc' dir='ltr'>ὑπακοῆς</span> <span class='ocrx_word' id='word_1_223' title='bbox 1525 2962 1647 3025; x_wconf 86' lang='lat' dir='ltr'><strong>omissis</strong></span> 
     </span>
     <span class='ocr_line' id='line_1_26' title="bbox 547 3063 1647 3148; baseline -0.004 -19"><span class='ocrx_word' id='word_1_224' title='bbox 547 3066 651 3130; x_wconf 88' lang='lat' dir='ltr'><strong>verbis</strong></span> <span class='ocrx_word' id='word_1_225' title='bbox 673 3067 689 3126; x_wconf 86' lang='grc' dir='ltr'>ὑ</span> <span class='ocrx_word' id='word_1_226' title='bbox 715 3065 781 3143; x_wconf 76' lang='grc' dir='ltr'>περὶ</span> <span class='ocrx_word' id='word_1_227' title='bbox 808 3064 928 3142; x_wconf 80' lang='grc' dir='ltr'>φύσεως</span> <span class='ocrx_word' id='word_1_228' title='bbox 952 3064 1107 3142; x_wconf 83' lang='grc' dir='ltr'>ἇνθριὺπον</span> <span class='ocrx_word' id='word_1_229' title='bbox 1133 3064 1180 3125; x_wconf 87' lang='grc' dir='ltr'><strong>καὶ</strong></span> <span class='ocrx_word' id='word_1_230' title='bbox 1205 3065 1221 3124; x_wconf 82' lang='grc' dir='ltr'>ὁ</span> <span class='ocrx_word' id='word_1_231' title='bbox 1246 3065 1313 3142; x_wconf 81' lang='grc' dir='ltr'>περὶ</span> <span class='ocrx_word' id='word_1_232' title='bbox 1339 3063 1489 3129; x_wconf 80' lang='grc' dir='ltr'>πλάσεως.</span> <span class='ocrx_word' id='word_1_233' title='bbox 1538 3067 1647 3148; x_wconf 85' lang='lat' dir='ltr'><strong>Atque</strong></span> 
     </span>
     <span class='ocr_line' id='line_1_27' title="bbox 547 3164 1646 3248; baseline -0.005 -16"><span class='ocrx_word' id='word_1_234' title='bbox 547 3169 645 3232; x_wconf 86' lang='lat' dir='ltr'><strong>etiarn</strong></span> <span class='ocrx_word' id='word_1_235' title='bbox 661 3166 877 3246; x_wconf 63' lang='lat' dir='ltr'><strong>Hieronymus,</strong></span> <span class='ocrx_word' id='word_1_236' title='bbox 896 3164 948 3248; x_wconf 92' lang='lat' dir='ltr'><strong>qui</strong></span> <span class='ocrx_word' id='word_1_237' title='bbox 968 3165 1120 3227; x_wconf 86' lang='lat' dir='ltr'><strong>omiserat</strong></span> <span class='ocrx_word' id='word_1_238' title='bbox 1136 3164 1230 3240; x_wconf 86' lang='lat' dir='ltr'><strong>illa,d</strong></span> <span class='ocrx_word' id='word_1_239' title='bbox 1253 3166 1320 3243; x_wconf 84' lang='grc' dir='ltr'>περὶ</span> <span class='ocrx_word' id='word_1_240' title='bbox 1340 3165 1460 3244; x_wconf 81' lang='grc' dir='ltr'>φύσεως</span> <span class='ocrx_word' id='word_1_241' title='bbox 1480 3165 1646 3245; x_wconf 75' lang='grc' dir='ltr'>ἀνθρώπου,</span> 
     </span>
     <span class='ocr_line' id='line_1_28' title="bbox 547 3263 1648 3346; baseline -0.005 -15"><span class='ocrx_word' id='word_1_242' title='bbox 547 3269 671 3331; x_wconf 90' lang='lat' dir='ltr'><strong>inverso</strong></span> <span class='ocrx_word' id='word_1_243' title='bbox 686 3266 795 3328; x_wconf 92' lang='lat' dir='ltr'><strong>ordine</strong></span> <span class='ocrx_word' id='word_1_244' title='bbox 811 3265 857 3328; x_wconf 88' lang='lat' dir='ltr'><strong>ita</strong></span> <span class='ocrx_word' id='word_1_245' title='bbox 872 3265 974 3327; x_wconf 89' lang='lat' dir='ltr'><strong>locum</strong></span> <span class='ocrx_word' id='word_1_246' title='bbox 992 3265 1107 3327; x_wconf 90' lang='lat' dir='ltr'><strong>Latine</strong></span> <span class='ocrx_word' id='word_1_247' title='bbox 1124 3264 1273 3339; x_wconf 87' lang='lat' dir='ltr'><strong>reddidit,</strong></span> <span class='ocrx_word' id='word_1_248' title='bbox 1290 3264 1380 3346; x_wconf 91' lang='lat' dir='ltr'><strong>quasi</strong></span> <span class='ocrx_word' id='word_1_249' title='bbox 1402 3263 1585 3338; x_wconf 87' lang='lat' dir='ltr'><strong>invenisset,</strong></span> <span class='ocrx_word' id='word_1_250' title='bbox 1602 3265 1648 3327; x_wconf 77' lang='grc' dir='ltr'><strong>καὶ</strong></span> 
     </span>
     <span class='ocr_line' id='line_1_29' title="bbox 548 3365 1647 3450; baseline -0.005 -17"><span class='ocrx_word' id='word_1_251' title='bbox 548 3373 565 3433; x_wconf 86' lang='grc' dir='ltr'>ὑ</span> <span class='ocrx_word' id='word_1_252' title='bbox 580 3371 647 3450; x_wconf 84' lang='grc' dir='ltr'>περὶ</span> <span class='ocrx_word' id='word_1_253' title='bbox 662 3368 866 3446; x_wconf 81' lang='grc' dir='ltr'>αἰσθητηρίων,</span> <span class='ocrx_word' id='word_1_254' title='bbox 885 3368 932 3428; x_wconf 82' lang='grc' dir='ltr'><strong>καὶ</strong></span> <span class='ocrx_word' id='word_1_255' title='bbox 947 3369 963 3428; x_wconf 89' lang='grc' dir='ltr'>ὁ</span> <span class='ocrx_word' id='word_1_256' title='bbox 979 3367 1045 3446; x_wconf 86' lang='grc' dir='ltr'>περὶ</span> <span class='ocrx_word' id='word_1_257' title='bbox 1060 3369 1199 3440; x_wconf 80' lang='grc' dir='ltr'>πίστεως,</span> <span class='ocrx_word' id='word_1_258' title='bbox 1217 3367 1263 3427; x_wconf 80' lang='grc' dir='ltr'><strong>καὶ</strong></span> <span class='ocrx_word' id='word_1_259' title='bbox 1279 3367 1295 3427; x_wconf 86' lang='grc' dir='ltr'>ὑ</span> <span class='ocrx_word' id='word_1_260' title='bbox 1310 3366 1378 3446; x_wconf 79' lang='grc' dir='ltr'>περὶ</span> <span class='ocrx_word' id='word_1_261' title='bbox 1392 3365 1544 3432; x_wconf 77' lang='grc' dir='ltr'>πλάσεως.</span> <span class='ocrx_word' id='word_1_262' title='bbox 1585 3366 1647 3428; x_wconf 83' lang='lat' dir='ltr'><strong>Ru-</strong></span> 
     </span>
     <span class='ocr_line' id='line_1_30' title="bbox 549 3466 1646 3554; baseline -0.005 -20"><span class='ocrx_word' id='word_1_263' title='bbox 549 3471 631 3534; x_wconf 87' lang='lat' dir='ltr'><strong>finus</strong></span> <span class='ocrx_word' id='word_1_264' title='bbox 645 3470 762 3554; x_wconf 81' lang='lat' dir='ltr'><strong>posuit,</strong></span> <span class='ocrx_word' id='word_1_265' title='bbox 781 3469 829 3529; x_wconf 86' lang='lat' dir='ltr'><strong>De</strong></span> <span class='ocrx_word' id='word_1_266' title='bbox 848 3467 1111 3550; x_wconf 71' lang='lat' dir='ltr'><strong>obedientiafidei,</strong></span> <span class='ocrx_word' id='word_1_267' title='bbox 1128 3469 1176 3530; x_wconf 85' lang='lat' dir='ltr'><strong>De</strong></span> <span class='ocrx_word' id='word_1_268' title='bbox 1190 3466 1328 3530; x_wconf 65' lang='lat' dir='ltr'><strong>susibus.</strong></span> <span class='ocrx_word' id='word_1_269' title='bbox 1374 3467 1461 3550; x_wconf 88' lang='lat' dir='ltr'><strong>Ergo</strong></span> <span class='ocrx_word' id='word_1_270' title='bbox 1483 3467 1542 3529; x_wconf 94' lang='lat' dir='ltr'><strong>hoc</strong></span> <span class='ocrx_word' id='word_1_271' title='bbox 1565 3467 1646 3530; x_wconf 88' lang='lat' dir='ltr'><strong>idem</strong></span> 
     </span>
     <span class='ocr_line' id='line_1_31' title="bbox 550 3568 1648 3655; baseline -0.005 -20"><span class='ocrx_word' id='word_1_272' title='bbox 550 3572 662 3655; x_wconf 87' lang='lat' dir='ltr'><strong>recepi,</strong></span> <span class='ocrx_word' id='word_1_273' title='bbox 679 3570 858 3634; x_wconf 91' lang='lat' dir='ltr'><strong>Strothium</strong></span> <span class='ocrx_word' id='word_1_274' title='bbox 873 3578 1010 3632; x_wconf 90' lang='lat' dir='ltr'><strong>secutus.</strong></span> <span class='ocrx_word' id='word_1_275' title='bbox 1050 3569 1102 3632; x_wconf 89' lang='lat' dir='ltr'><strong>Ita</strong></span> <span class='ocrx_word' id='word_1_276' title='bbox 1114 3568 1210 3632; x_wconf 91' lang='lat' dir='ltr'><strong>etiam</strong></span> <span class='ocrx_word' id='word_1_277' title='bbox 1223 3590 1306 3630; x_wconf 93' lang='lat' dir='ltr'><strong>nunc</strong></span> <span class='ocrx_word' id='word_1_278' title='bbox 1318 3568 1541 3631; x_wconf 85' lang='lat' dir='ltr'><strong>Zimmerman.</strong></span> <span class='ocrx_word' id='word_1_279' title='bbox 1553 3577 1648 3652; x_wconf 89' lang='lat' dir='ltr'><strong>atque</strong></span> 
     </span>
     <span class='ocr_line' id='line_1_32' title="bbox 552 3668 1649 3754; baseline -0.007 -15"><span class='ocrx_word' id='word_1_280' title='bbox 552 3677 724 3744; x_wconf 89' lang='lat' dir='ltr'><strong>Burtonus‚</strong></span> <span class='ocrx_word' id='word_1_281' title='bbox 733 3673 783 3734; x_wconf 90' lang='lat' dir='ltr'><strong>hio</strong></span> <span class='ocrx_word' id='word_1_282' title='bbox 795 3693 869 3734; x_wconf 85' lang='lat' dir='ltr'><strong>vero</strong></span> <span class='ocrx_word' id='word_1_283' title='bbox 878 3671 1118 3734; x_wconf 87' lang='lat' dir='ltr'><strong>notatMSStos</strong></span> <span class='ocrx_word' id='word_1_284' title='bbox 1127 3691 1236 3732; x_wconf 88' lang='lat' dir='ltr'><strong>omnes</strong></span> <span class='ocrx_word' id='word_1_285' title='bbox 1245 3691 1317 3733; x_wconf 91' lang='lat' dir='ltr'><strong>cum</strong></span> <span class='ocrx_word' id='word_1_286' title='bbox 1327 3669 1481 3754; x_wconf 88' lang='lat' dir='ltr'><strong>Stephani</strong></span> <span class='ocrx_word' id='word_1_287' title='bbox 1494 3668 1649 3733; x_wconf 85' lang='lat' dir='ltr'><strong>etVaiesii</strong></span> 
     </span>
     <span class='ocr_line' id='line_1_33' title="bbox 550 3773 1648 3849; baseline -0.004 -10"><span class='ocrx_word' id='word_1_288' title='bbox 550 3777 685 3839; x_wconf 82' lang='lat' dir='ltr'><strong>lectione</strong></span> <span class='ocrx_word' id='word_1_289' title='bbox 701 3774 887 3836; x_wconf 88' lang='lat' dir='ltr'><strong>consentire.</strong></span> <span class='ocrx_word' id='word_1_290' title='bbox 933 3774 1047 3836; x_wconf 88' lang='lat' dir='ltr'><strong>Restat</strong></span> <span class='ocrx_word' id='word_1_291' title='bbox 1067 3781 1103 3836; x_wconf 93' lang='lat' dir='ltr'><strong>ut</strong></span> <span class='ocrx_word' id='word_1_292' title='bbox 1124 3794 1279 3849; x_wconf 88' lang='lat' dir='ltr'><strong>moneam,</strong></span> <span class='ocrx_word' id='word_1_293' title='bbox 1301 3794 1565 3836; x_wconf 88' lang='lat' dir='ltr'><strong>commemorasse</strong></span> <span class='ocrx_word' id='word_1_294' title='bbox 1586 3773 1648 3835; x_wconf 88' lang='lat' dir='ltr'><strong>Eu·</strong></span> 
     </span>
     <span class='ocr_line' id='line_1_34' title="bbox 551 3873 1647 3958; baseline -0.007 -15"><span class='ocrx_word' id='word_1_295' title='bbox 551 3879 672 3943; x_wconf 90' lang='lat' dir='ltr'><strong>sebium</strong></span> <span class='ocrx_word' id='word_1_296' title='bbox 689 3875 833 3958; x_wconf 82' lang='lat' dir='ltr'><strong>Dionysii</strong></span> <span class='ocrx_word' id='word_1_297' title='bbox 854 3874 1008 3938; x_wconf 82' lang='lat' dir='ltr'><strong>Corinthii</strong></span> <span class='ocrx_word' id='word_1_298' title='bbox 1025 3875 1065 3936; x_wconf 86' lang='lat' dir='ltr'><strong>ad</strong></span> <span class='ocrx_word' id='word_1_299' title='bbox 1083 3873 1296 3937; x_wconf 84' lang='lat' dir='ltr'><strong>Athenienses</strong></span> <span class='ocrx_word' id='word_1_300' title='bbox 1311 3873 1489 3956; x_wconf 89' lang='lat' dir='ltr'><strong>epistolam,</strong></span> <span class='ocrx_word' id='word_1_301' title='bbox 1506 3878 1647 3954; x_wconf 75' lang='grc' dir='ltr'>διηγερτι·</span> 
     </span>
     <span class='ocr_line' id='line_1_35' title="bbox 553 3974 1571 4058; baseline -0.005 -16"><span class='ocrx_word' id='word_1_302' title='bbox 553 3981 606 4058; x_wconf 82' lang='grc' dir='ltr'><strong>κῆν</strong></span> <span class='ocrx_word' id='word_1_303' title='bbox 620 3981 747 4042; x_wconf 84' lang='grc' dir='ltr'>πίστεως</span> <span class='ocrx_word' id='word_1_304' title='bbox 763 3978 810 4038; x_wconf 87' lang='grc' dir='ltr'><strong>καὶ</strong></span> <span class='ocrx_word' id='word_1_305' title='bbox 825 3980 876 4052; x_wconf 87' lang='grc' dir='ltr'><strong>τῆς</strong></span> <span class='ocrx_word' id='word_1_306' title='bbox 892 3980 965 4038; x_wconf 80' lang='grc' dir='ltr'>κατὰ</span> <span class='ocrx_word' id='word_1_307' title='bbox 980 3976 1013 4037; x_wconf 88' lang='grc' dir='ltr'><strong>τὸ</strong></span> <span class='ocrx_word' id='word_1_308' title='bbox 1030 3975 1208 4055; x_wconf 78' lang='grc' dir='ltr'>εὐαγγέλιον</span> <span class='ocrx_word' id='word_1_309' title='bbox 1223 3976 1384 4039; x_wconf 85' lang='grc' dir='ltr'>πολιτείας.</span> <span class='ocrx_word' id='word_1_310' title='bbox 1433 3974 1524 4038; x_wconf 74' lang='lat' dir='ltr'><strong>Infra</strong></span> <span class='ocrx_word' id='word_1_311' title='bbox 1539 3997 1571 4058; x_wconf 91' lang='lat' dir='ltr'><strong>p.</strong></span> 
     </span>
     <span class='ocr_line' id='line_1_36' title="bbox 596 4072 1651 4159; baseline -0.007 -15"><span class='ocrx_word' id='word_1_312' title='bbox 596 4081 678 4144; x_wconf 88' lang='lat' dir='ltr'><strong>Ibid.</strong></span> <span class='ocrx_word' id='word_1_313' title='bbox 696 4079 714 4139; x_wconf 94' lang='lat' dir='ltr'><strong>l.</strong></span> <span class='ocrx_word' id='word_1_314' title='bbox 734 4099 783 4142; x_wconf 83' lang='lat'><strong>21.</strong></span> <span class='ocrx_word' id='word_1_315' title='bbox 800 4079 815 4137; x_wconf 88' lang='grc' dir='ltr'>ὁ</span> <span class='ocrx_word' id='word_1_316' title='bbox 836 4079 903 4157; x_wconf 81' lang='grc' dir='ltr'>περὶ</span> <span class='ocrx_word' id='word_1_317' title='bbox 926 4081 1028 4158; x_wconf 79' lang='grc' dir='ltr'>ψυχῆς</span> <span class='ocrx_word' id='word_1_318' title='bbox 1052 4076 1100 4137; x_wconf 85' lang='grc' dir='ltr'><strong>καὶ</strong></span> <span class='ocrx_word' id='word_1_319' title='bbox 1123 4076 1259 4153; x_wconf 80' lang='grc' dir='ltr'>σώματος</span> <span class='ocrx_word' id='word_1_320' title='bbox 1281 4072 1299 4152; x_wconf 88' lang='grc' dir='ltr'>ῆ</span> <span class='ocrx_word' id='word_1_321' title='bbox 1324 4073 1406 4158; x_wconf 89' lang='grc' dir='ltr'>νοός]</span> <span class='ocrx_word' id='word_1_322' title='bbox 1424 4077 1440 4137; x_wconf 89' lang='grc' dir='ltr'>ὑ</span> <span class='ocrx_word' id='word_1_323' title='bbox 1461 4077 1529 4154; x_wconf 86' lang='grc' dir='ltr'>περὶ</span> <span class='ocrx_word' id='word_1_324' title='bbox 1550 4080 1651 4159; x_wconf 78' lang='grc' dir='ltr'>ψυχῆς</span> 
     </span>
     <span class='ocr_line' id='line_1_37' title="bbox 553 4175 1649 4260; baseline -0.007 -14"><span class='ocrx_word' id='word_1_325' title='bbox 553 4186 600 4246; x_wconf 82' lang='grc' dir='ltr'><strong>καὶ</strong></span> <span class='ocrx_word' id='word_1_326' title='bbox 614 4184 750 4259; x_wconf 80' lang='grc' dir='ltr'>σώματος</span> <span class='ocrx_word' id='word_1_327' title='bbox 764 4178 811 4255; x_wconf 84' lang='grc' dir='ltr'><strong>ῆν.</strong></span> <span class='ocrx_word' id='word_1_328' title='bbox 829 4181 862 4239; x_wconf 81' lang='grc' dir='ltr'><strong>ἐν</strong></span> <span class='ocrx_word' id='word_1_329' title='bbox 882 4180 935 4243; x_wconf 84' lang='grc' dir='ltr'>οἷς.</span> <span class='ocrx_word' id='word_1_330' title='bbox 983 4178 1062 4240; x_wconf 88' lang='lat' dir='ltr'><strong>Haec</strong></span> <span class='ocrx_word' id='word_1_331' title='bbox 1085 4185 1135 4240; x_wconf 86' lang='lat' dir='ltr'><strong>est</strong></span> <span class='ocrx_word' id='word_1_332' title='bbox 1158 4175 1252 4238; x_wconf 92' lang='lat' dir='ltr'><strong>lectio</strong></span> <span class='ocrx_word' id='word_1_333' title='bbox 1274 4176 1391 4238; x_wconf 91' lang='lat' dir='ltr'><strong>codicis</strong></span> <span class='ocrx_word' id='word_1_334' title='bbox 1407 4176 1509 4260; x_wconf 82' lang='lat' dir='ltr'><strong>Regii,</strong></span> <span class='ocrx_word' id='word_1_335' title='bbox 1528 4182 1578 4260; x_wconf 91' lang='lat' dir='ltr'><strong>(et</strong></span> <span class='ocrx_word' id='word_1_336' title='bbox 1599 4177 1649 4241; x_wconf 90' lang='lat' dir='ltr'><strong>ed.</strong></span> 
     </span>
     <span class='ocr_line' id='line_1_38' title="bbox 552 4276 1650 4367; baseline -0.006 -19"><span class='ocrx_word' id='word_1_337' title='bbox 552 4286 591 4348; x_wconf 88' lang='lat' dir='ltr'><strong>R.</strong></span> <span class='ocrx_word' id='word_1_338' title='bbox 608 4283 735 4367; x_wconf 86' lang='lat' dir='ltr'><strong>Steph.)</strong></span> <span class='ocrx_word' id='word_1_339' title='bbox 755 4279 804 4341; x_wconf 91' lang='lat' dir='ltr'><strong>cui</strong></span> <span class='ocrx_word' id='word_1_340' title='bbox 827 4279 986 4342; x_wconf 90' lang='lat' dir='ltr'><strong>consentit</strong></span> <span class='ocrx_word' id='word_1_341' title='bbox 1009 4278 1105 4341; x_wconf 90' lang='lat' dir='ltr'><strong>etiam</strong></span> <span class='ocrx_word' id='word_1_342' title='bbox 1130 4276 1337 4360; x_wconf 86' lang='lat' dir='ltr'><strong>Nicephorus.</strong></span> <span class='ocrx_word' id='word_1_343' title='bbox 1385 4278 1504 4340; x_wconf 87' lang='lat' dir='ltr'><strong>Verum</strong></span> <span class='ocrx_word' id='word_1_344' title='bbox 1527 4278 1560 4341; x_wconf 92' lang='lat' dir='ltr'><strong>in</strong></span> <span class='ocrx_word' id='word_1_345' title='bbox 1582 4278 1650 4343; x_wconf 87' lang='lat' dir='ltr'><strong>aliis</strong></span> 
     </span>
     <span class='ocr_line' id='line_1_39' title="bbox 552 4378 1649 4466; baseline -0.005 -15"><span class='ocrx_word' id='word_1_346' title='bbox 552 4385 712 4451; x_wconf 87' lang='lat' dir='ltr'><strong>codicibus</strong></span> <span class='ocrx_word' id='word_1_347' title='bbox 729 4382 814 4444; x_wconf 90' lang='lat' dir='ltr'><strong>Maz.</strong></span> <span class='ocrx_word' id='word_1_348' title='bbox 834 4380 921 4442; x_wconf 89' lang='lat' dir='ltr'><strong>Med.</strong></span> <span class='ocrx_word' id='word_1_349' title='bbox 937 4390 970 4443; x_wconf 87' lang='lat' dir='ltr'><strong>et</strong></span> <span class='ocrx_word' id='word_1_350' title='bbox 987 4380 1068 4443; x_wconf 89' lang='lat' dir='ltr'><strong>Fuk.</strong></span> <span class='ocrx_word' id='word_1_351' title='bbox 1086 4380 1179 4462; x_wconf 87' lang='lat' dir='ltr'><strong>longe</strong></span> <span class='ocrx_word' id='word_1_352' title='bbox 1193 4378 1288 4442; x_wconf 91' lang='lat' dir='ltr'><strong>aliter</strong></span> <span class='ocrx_word' id='word_1_353' title='bbox 1305 4378 1442 4463; x_wconf 88' lang='lat' dir='ltr'><strong>scriptus</strong></span> <span class='ocrx_word' id='word_1_354' title='bbox 1463 4381 1582 4466; x_wconf 88' lang='lat' dir='ltr'><strong>legitur</strong></span> <span class='ocrx_word' id='word_1_355' title='bbox 1601 4382 1649 4445; x_wconf 91' lang='lat' dir='ltr'><strong>bic</strong></span> 
     </span>
    </p>
   </div>
   <div class='ocr_carea' id='block_1_5' title="bbox 551 4478 1649 4568">
    <p class='ocr_par' dir='ltr' id='par_1_5' title="bbox 551 4478 1649 4568">
     <span class='ocr_line' id='line_1_40' title="bbox 551 4478 1649 4568; baseline -0.007 -12"><span class='ocrx_word' id='word_1_356' title='bbox 551 4494 654 4555; x_wconf 88' lang='lat' dir='ltr'><strong>locus:</strong></span> <span class='ocrx_word' id='word_1_357' title='bbox 686 4488 701 4546; x_wconf 89' lang='grc' dir='ltr'>ὁ</span> <span class='ocrx_word' id='word_1_358' title='bbox 725 4485 791 4562; x_wconf 80' lang='grc' dir='ltr'>περὶ</span> <span class='ocrx_word' id='word_1_359' title='bbox 814 4487 914 4563; x_wconf 79' lang='grc' dir='ltr'>ψυχῆς</span> <span class='ocrx_word' id='word_1_360' title='bbox 937 4483 984 4546; x_wconf 83' lang='grc' dir='ltr'><strong>καὶ</strong></span> <span class='ocrx_word' id='word_1_361' title='bbox 1006 4485 1144 4560; x_wconf 79' lang='grc' dir='ltr'>σώματος</span> <span class='ocrx_word' id='word_1_362' title='bbox 1166 4481 1183 4557; x_wconf 84' lang='grc' dir='ltr'>ῆ</span> <span class='ocrx_word' id='word_1_363' title='bbox 1207 4478 1284 4546; x_wconf 85' lang='grc' dir='ltr'>νοός.</span> <span class='ocrx_word' id='word_1_364' title='bbox 1332 4480 1435 4560; x_wconf 76' lang='lat' dir='ltr'><strong>Quam</strong></span> <span class='ocrx_word' id='word_1_365' title='bbox 1460 4484 1649 4568; x_wconf 73' lang='lat' dir='ltr'><strong>scripturam</strong></span> 
     </span>
    </p>
   </div>
   <div class='ocr_carea' id='block_1_6' title="bbox 0 0 2202 5150">
    <p class='ocr_par' dir='ltr' id='par_1_6' title="bbox 0 0 2202 5150">
     <span class='ocr_line' id='line_1_41' title="bbox 0 0 2202 5150; baseline 0 0"><span class='ocrx_word' id='word_1_366' title='bbox 0 0 2202 5150; x_wconf 95' lang='lat' dir='ltr'><strong> </strong></span> 
     </span>
    </p>
   </div>
  </div>
 </body>
</html>
