4359 5150
617 467 682 537 198
986 467 1338 535 ANNOTATIONES

616 621 773 697 πεποίηται
788 619 837 681 καλ
851 619 940 685 αὐτὸς
954 624 1029 684 κατὰ
1041 625 1218 703 Μαρκίωνος
1230 625 1335 704 λόγον.
1381 621 1452 684 Vld.
1467 628 1502 685 ot
1517 620 1654 684 Hieron.
1668 620 1713 681 Do

623 721 709 784 Viris
724 719 779 783 Iu.
791 741 860 803 cup.
874 741 949 784 xxx.
977 721 1028 784 Ex
1043 744 1081 785 oo
1095 731 1214 800 autem,
1230 723 1314 808 quod
1331 723 1497 809 Philippus
1511 728 1587 806 post
1600 742 1713 784 memo

614 828 722 885 ratam
736 820 797 884 hoc
812 821 882 884 loco
898 822 1080 906 Gortynam
1095 845 1167 887 cum
1182 824 1308 888 oaeteris
1324 824 1357 887 in
1377 822 1478 887 Creta
1496 823 1639 887 ecclesiis
1656 824 1712 885 ἓτί·

616 948 730 989 σκοπος
758 923 855 986 αὐτῶν
884 923 1018 1001 dicatur,
1049 925 1170 1010 colligit
1199 925 1348 990 Uenerius
1376 926 1426 989 Do
1446 927 1715 1011 Epmcoporumst

616 1023 886 1107 Metropolitoram
903 1024 1029 1109 Oripino
1042 1047 1073 1109 p.
1088 1044 1107 1090 2
1107 1046 1140 1107 5.
1152 1026 1229 1089 edit.
1247 1025 1321 1089 Lat.
1336 1033 1406 1089 tum
1420 1024 1474 1087 illo
1488 1031 1635 1109 temporo
1649 1031 1714 1087 tum

617 1126 807 1189 succedente
833 1127 1012 1211 Gortynam
1038 1127 1229 1211 metropolin
1254 1127 1362 1202 fuisse,
1386 1132 1420 1189 ot
1445 1126 1630 1210 episcopum
1651 1126 1715 1208 ejus

618 1227 720 1291 totius
740 1227 849 1290 iusulae
872 1227 977 1292 Oretoe
1001 1229 1289 1312 metropolitanum.
1334 1228 1453 1293 Oontra
1472 1227 1662 1291 Baraterius
1684 1226 1715 1289 iu

619 1330 748 1394 Diem.
764 1329 795 1392 ii.
807 1331 857 1393 De
871 1331 993 1393 Oorcstt't.
1003 1333 1108 1415 Apost.
1121 1353 1153 1415 p.
1170 1333 1242 1411 267.
1259 1332 1288 1412 §.
1301 1350 1332 1409 4.
1376 1338 1398 1368 “
1410 1330 1503 1410 Quod
1519 1326 1716 1412 Philippus,’'

618 1431 734 1515 inquit,
749 1438 772 1470 “
785 1431 984 1495 Cretensium
994 1432 1159 1516 episcopus
1173 1433 1298 1496 dicetur
1314 1432 1451 1496 Eusebio
1465 1431 1519 1494 lib.
1530 1432 1569 1494 iv.
1582 1452 1655 1513 cap.
1669 1447 1715 1514 23.

620 1543 642 1573 “
656 1534 717 1596 hoc
732 1555 826 1596 sensu
842 1532 937 1596 modo
952 1533 1203 1618 intelligendum,
1218 1535 1302 1619 quod
1317 1533 1402 1597 inter
1416 1533 1585 1597 Cretenses
1599 1531 1714 1615 episco-

621 1647 641 1675 “
655 1647 768 1723 patum
781 1638 946 1723 gesserit.'’
991 1637 1095 1702 Immo
1116 1639 1282 1723 episcopus
1300 1639 1405 1714 αὐτῶν,
1425 1658 1489 1700 non
1509 1634 1716 1710 Cretensium,

619 1741 676 1804 sed
691 1740 951 1823 Gortynensium,
966 1747 1054 1804 recte
1068 1741 1184 1824 exponi
1199 1747 1317 1825 potest,

663 1842 702 1905 P.
724 1842 793 1907 182.
809 1840 830 1902 l.
846 1856 897 1922 17.
922 1841 974 1904 ἅτε
998 1841 1033 1919 δὴ
1059 1841 1109 1904 ἐπὶ
1131 1841 1298 1925 πλείσταις]
1336 1838 1390 1903 Ite
1412 1838 1529 1922 legitur
1554 1836 1588 1900 in
1614 1836 1717 1901 codice

620 1942 732 2027 Regio.
779 1943 843 2006 Sed
858 1949 925 2006 tros
939 1941 1060 2027 reliqui,
1078 1943 1165 2005 Mcz.
1181 1942 1312 2017 scilicet,
1323 1940 1410 2004 Med.
1423 1947 1457 2003 et
1468 1939 1552 2002 Fuk.
1565 1938 1716 2023 scriptum

619 2045 740 2109 habent
754 2046 794 2110 ὡς
809 2044 846 2108 ἂν
857 2042 906 2106 ἐπὶ
921 2046 1085 2119 πλείσταις,
1098 2043 1181 2127 quod
1197 2044 1279 2106 idem
1296 2051 1354 2106 est.
1378 2042 1540 2104 Vacemus.
1580 2040 1660 2104 Gum
1671 2039 1717 2102 his

620 2145 780 2210 consentit
797 2145 871 2208 MS.
888 2144 988 2208 tacit.
1004 2167 1059 2208 seu
1078 2145 1165 2209 Βαάλ
1180 2166 1252 2209 cum
1271 2145 1367 2228 Rapio
1387 2150 1496 2209 autom
1510 2144 1626 2205 MStus
1639 2143 1717 2205 Nor-

611 2248 689 2331 solc.
734 2246 896 2311 Habuisse
917 2254 1025 2310 autem
1048 2245 1099 2311 ἐπὶ
1120 2253 1185 2312 ταῖς
1202 2249 1358 2312 πλείσταις
1371 2266 1430 2329 pro
1444 2243 1494 2309 ἐπὶ
1508 2252 1562 2307 πλ.
1583 2245 1718 2308 Oods‘csm

623 2349 792 2412 Castellum
806 2349 937 2432 episcopi
951 2348 1092 2412 ostendit
1107 2347 1273 2432 Beodingii
1289 2347 1396 2411 editio.
1419 2347 1579 2411 Oaeterum
1592 2349 1718 2431 Rufinus

620 2448 653 2512 in
666 2449 822 2512 Versiono
837 2471 896 2513 sua
910 2450 1076 2513 transtulit
1086 2450 1129 2513 cb
1144 2449 1275 2514 ecclesia
1288 2449 1331 2512 ad
1344 2448 1526 2534 Philippum
1538 2450 1716 2536 episcopum

514 2604 525 2634 ,
620 2551 747 2616 laudem
763 2550 971 2616 fortitudinis.

664 2652 853 2717 Ibid.l.21.
878 2657 1063 2734 Βακχυλίδου
1084 2656 1140 2732 μὲν
1163 2655 1211 2716 καὶ
1225 2652 1402 2736 Ἐλπίστον]
1425 2654 1615 2717 Εὐελπίστου
1641 2655 1714 2717 MS.

621 2754 762 2836 Norfolc.
809 2754 916 2817 Hosoe
940 2755 1023 2817 viros
1049 2756 1236 2837 quibusdam
1263 2756 1294 2816 in
1320 2755 1425 2817 Ponto
1447 2755 1586 2818 ecclesiis
1608 2779 1717 2840 praese·

622 2856 715 2929 disse,
732 2863 899 2919 autumare
915 2879 948 2918 se
963 2857 1010 2919 ait
1027 2857 1220 2920 Halloixius.
1252 2859 1323 2919 Via
1337 2859 1414 2919 PP.
1433 2859 1582 2920 Orieotol.
1600 2882 1630 2942 p.
1648 2876 1717 2941 770.

622 2964 699 3020 tom.
716 2957 747 3019 ii.

667 3059 737 3120 lbid
754 3059 773 3120 l.
791 3079 842 3123 αα.
867 3061 968 3143 αὐτὸν]
986 3062 1063 3145 αὐτῷ
1081 3061 1153 3143 (for.
1170 3062 1279 3142 αὐτῶν)
1297 3063 1369 3124 MS.
1380 3062 1470 3124 Bodl.
1489 3071 1522 3125 et
1537 3065 1634 3147 Norf.
1650 3084 1716 3126 cum

621 3161 701 3233 aliie,
718 3162 793 3222 dum
809 3161 1044 3241 προτρεψάντων
1065 3164 1161 3224 αὐτῶν
1180 3163 1323 3241 μέμνηται
1346 3171 1479 3247 praestat
1495 3166 1569 3227 MS.
1582 3166 1715 3248 Norsolc.

622 3263 718 3344 quod,
742 3262 839 3324 allato
862 3284 920 3345 pro
941 3263 1000 3325 hac
1023 3263 1158 3326 lectione
1181 3265 1244 3327 cod.
1262 3265 1370 3327 Poris.
1390 3285 1416 3327 1.
1433 3287 1516 3328 nunc
1538 3266 1669 3329 admisit
1688 3266 1717 3327 in

621 3367 746 3422 textum
763 3361 934 3424 Burtonus.

667 3462 705 3522 P.
727 3463 831 3545 1831.
853 3485 878 3524 1.
905 3463 1047 3547 Πάλμαν]
1068 3465 1187 3545 γάλμαν
1202 3466 1246 3528 ed.
1264 3466 1365 3549 sapt.
1383 3468 1482 3530 MSS.
1500 3469 1573 3550 Jeep.
1591 3476 1625 3531 et
1642 3471 1716 3531 Por.

628 3582 652 3622 1.
670 3563 776 3624 caeteri
791 3564 931 3641 Πάλμαν,
949 3574 981 3626 et
997 3587 1111 3627 nomen
1127 3566 1187 3628 hoc
1204 3566 1344 3650 Scaliger
1358 3569 1399 3630 ad
1415 3590 1502 3630 orani
1519 3571 1655 3655 exempli
1674 3571 1718 3633 sui

623 3670 781 3744 posuerat.
823 3666 964 3728 Palmam
980 3668 1142 3749 prael'nisse
1157 3668 1259 3730 tradit
1277 3669 1431 3731 Eusebius
1446 3670 1498 3731 lib.
1510 3692 1537 3731 v.
1550 3672 1634 3734 His.
1652 3695 1717 3755 cap.

625 3782 675 3845 23.
693 3773 729 3825 ut
745 3767 916 3828 maximum
934 3777 1020 3844 natu,
1037 3769 1167 3831 concilio
1178 3770 1394 3853 episcoporum
1412 3771 1629 3847 Ponticorum,
1647 3776 1718 3836 dum

623 3865 743 3946 vigeret
770 3871 986 3933 controversia
1016 3873 1172 3954 paschalis
1199 3873 1340 3936 Victoris
1366 3882 1559 3958 tempestate
1582 3877 1718 3961 episcopi

624 3966 769 4030 Romani.

668 4069 750 4130 Ibid.
766 4070 785 4130 l.
802 4092 831 4154 3.
850 4074 896 4133 καὶ
911 4073 978 4138 τοὺς
993 4071 1024 4149 ἐξ
1040 4076 1103 4138 οἵας
1125 4073 1149 4135 δ’
1166 4076 1219 4136 οὖν
1243 4078 1443 4143 ἀποπτώοεως
1460 4079 1529 4162 &c.]
1559 4079 1609 4141 En
1633 4082 1719 4159 πρόσ-

623 4194 730 4249 ταγμα,
744 4193 798 4232 seu
812 4173 997 4234 mandatum
1013 4174 1189 4257 episcopale
1206 4176 1244 4238 de
1259 4179 1446 4261 recipiendis
1461 4181 1566 4264 lapsis,
1580 4184 1719 4257 moechis,

623 4272 790 4346 haeretiois,
807 4272 939 4356 aliisque
955 4297 1011 4357 per
1026 4277 1245 4358 poenitentiam
1262 4281 1429 4343 conversis.
1455 4284 1600 4346 Peorson.
1625 4285 1718 4346 Vind.

625 4370 685 4454 Ep.
704 4372 807 4455 Ignat.
824 4383 907 4455 part.
924 4375 954 4438 ii.
974 4398 1004 4458 p.
1018 4398 1069 4459 95.
1086 4402 1106 4441 a
1123 4379 1296 4443 Rssnnsmo
1320 4383 1444 4446 allatus.
1497 4387 1590 4465 Quod
1607 4388 1719 4450 attinet

625 4476 665 4538 ad
682 4484 819 4537 veterem
836 4475 875 4537 de
890 4478 1068 4559 hujusmodi
1085 4482 1305 4562 peccatoribus
1321 4484 1529 4568 disciplinam,
1547 4488 1587 4552 de
1605 4512 1643 4552 oa
1658 4490 1719 4552 fuse
