4359 5150
627 412 694 485 xvi
1001 408 1298 482 PRAEFATIO.

627 639 736 694 cesse
751 639 837 691 esse
854 623 901 691 ut
913 611 1116 706 eredatur‚
1125 622 1280 690 temere
1292 635 1458 716 prorsus
1470 619 1675 688 statuunt.

629 747 695 827 An
716 746 783 827 isti
806 746 890 826 sint
909 774 961 828 ex
981 746 1119 826 animo
1135 743 1373 838 Christiani,
1385 743 1498 823 haud
1513 768 1677 850 quaer03

628 885 687 963 ita
724 909 811 963 esse
849 882 1118 989 quamobrem
1152 880 1342 972 debeant,
1375 906 1425 958 ex
1463 876 1678 985 principiis

628 1017 794 1111 scilicet,
813 1042 910 1125 quae
930 1016 1005 1125 ipsi
1028 1016 1103 1096 sibi
1125 1014 1350 1123 posuerint,
1370 1012 1560 1095 idoneam
1577 1011 1678 1093 satis

629 1181 793 1234 causam
832 1152 1011 1259 reperire
1049 1179 1132 1231 non
1174 1177 1351 1257 possum.
1411 1150 1532 1229 Stent
1564 1146 1678 1228 enim

630 1301 793 1397 oportet
811 1287 1058 1367 auctoritate
1078 1284 1258 1366 fontium
1274 1284 1509 1364 divinorum
1525 1293 1680 1361 nostrae

630 1421 850 1530 religionis,
864 1423 1105 1529 quicunque
1119 1420 1333 1500 veritatem
1349 1423 1385 1526 ej
1393 1445 1439 1498 us
1454 1416 1680 1524 diligenter

630 1586 677 1639 ac
693 1557 799 1638 serio
814 1556 1103 1662 investigatam
1117 1583 1160 1636 se
1176 1553 1367 1663 amplecti
1386 1552 1678 1661 profiteantur3

614 1693 708 1772 'nisi
740 1693 847 1771 forte
874 1692 1012 1771 omnia
1042 1718 1203 1771 sursum
1237 1690 1514 1797 deorsumque
1544 1688 1680 1768 facere

632 1828 839 1921 studeant,
879 1840 922 1906 et
960 1826 1234 1906 fundamenta
1268 1836 1419 1905 sauctae
1453 1820 1681 1930 disciplinae

632 1960 779 2042 callide
793 1977 834 2041 et
853 1963 1095 2043 veteratorie
1110 1962 1359 2042 subvertere.
1393 1959 1525 2039 Iidem
1539 1971 1681 2038 tamen

632 2098 820 2178 homines
850 2112 971 2194 recte,
991 2109 1040 2177 ut
1069 2110 1185 2206 puto,
1204 2096 1310 2176 hanc
1335 2107 1480 2176 tenent
1509 2107 1678 2174 senten·

634 2233 747 2327 tiam,
766 2260 839 2340 pro
859 2230 942 2312 fide
962 2259 1036 2312 sua
1055 2259 1157 2339 vaga
1177 2245 1220 2312 et
1240 2227 1420 2324 volubili,
1435 2232 1554 2338 cujus
1571 2255 1683 2309 com-

634 2380 775 2447 menta
790 2365 904 2447 delet
918 2365 1018 2462 dies,
1033 2366 1205 2446 minime
1224 2365 1465 2446 adeundum
1481 2391 1567 2445 esse
1583 2364 1682 2445 vitae

633 2501 877 2610 periculum,
906 2520 980 2582 aut
1008 2502 1272 2584 subeundum
1302 2501 1574 2609 martyrium3
1608 2499 1683 2581 sed

634 2664 733 2744 pace
767 2634 931 2717 iliorum
963 2636 1152 2731 dixerim,
1184 2636 1326 2745 inique
1359 2639 1412 2717 ab
1444 2635 1523 2716 illis
1553 2648 1683 2744 atque

636 2769 863 2850 inhumane
884 2772 926 2850 in
952 2771 1030 2852 hoe
1058 2772 1136 2880 agi,
1155 2773 1269 2880 quod
1288 2772 1386 2879 quia
1405 2771 1464 2852 ita
1488 2772 1684 2865 sentiant,

635 2906 886 3012 martyribus
915 2919 959 2987 et
985 2905 1139 2988 sanctis
1159 2908 1241 2988 Dei
1267 2907 1399 2987 modis
1420 2907 1611 2987 omnibus
1637 2904 1682 2986 in

636 3039 798 3148 scriptis
821 3040 905 3119 suis
930 3039 1164 3135 detrahant,
1187 3052 1314 3148 atque
1342 3039 1422 3121 alia
1451 3068 1574 3149 super
1601 3038 1684 3122 alia

637 3175 727 3254 ausi
764 3172 940 3283 impium
977 3175 1205 3256 convitium
1245 3175 1293 3256 iis
1327 3177 1460 3256 facere
1498 3187 1683 3284 pergant,

637 3309 718 3390 Sed
748 3338 842 3391 vero
873 3311 915 3390 in
951 3311 1124 3419 antiqua
1153 3312 1238 3392 fide
1272 3311 1532 3392 reformanda
1564 3310 1685 3392 liber-

639 3456 767 3525 tatem
806 3446 969 3553 egregie
1002 3445 1140 3526 finivit
1172 3444 1271 3526 olim
1304 3445 1549 3527 Vincentius
1578 3445 1685 3526 Liri-

639 3579 778 3659 nensis
797 3607 882 3688 cap.
899 3587 967 3660 30.
988 3581 1304 3662 Commonitorir‘.
1349 3584 1435 3662 Fas
1453 3596 1511 3663 est
1528 3583 1685 3677 etenim,

640 3711 789 3821 inquit,
809 3727 853 3793 ut
873 3715 1016 3823 prisea
1035 3715 1107 3795 illa
1125 3717 1294 3797 celestis
1305 3716 1572 3825 philosophice
1590 3717 1686 3824 dog-

639 3863 750 3929 mutu
770 3877 965 3958 processu
996 3853 1189 3960 temporis
1207 3866 1461 3948 eueurentur,
1481 3854 1685 3942 limentur,

631 3983 867 4091 patientum
897 3986 971 4066 sed
988 3987 1104 4090 nefus
1117 4002 1177 4068 est
1196 4002 1241 4068 ut
1255 4001 1557 4081 commutentur,
1572 3987 1687 4090 nefus

639 4131 685 4200 ut
703 4120 1002 4212 detruncentur,
1018 4137 1063 4203 ut
1078 4119 1328 4203 mutilentur.
1369 4120 1584 4230 Accipiunt
1597 4121 1688 4202 lieet

640 4257 894 4345 evidentium,
932 4259 1069 4351 lucem,
1118 4259 1440 4350 distinctionem·
1480 4258 1552 4338 sed
1593 4258 1689 4338 reti-
