4359 5150
597 448 662 514 206
1007 452 1308 519 HEGESIPPUS.

596 600 717 659 secundi
732 600 885 661 dimidium
908 605 1099 682 pertenuisse
1119 604 1170 664 sed
1188 616 1331 683 quantum
1345 625 1382 666 ex
1396 606 1569 685 fragmentis
1582 627 1649 685 quse
1662 627 1698 667 ex

595 702 648 761 illo
661 724 749 783 opere
764 704 908 783 producit,
923 705 992 765 licet
1005 706 1151 785 colligere,
1166 727 1212 765 res
1226 706 1437 787 Apostolorum
1450 710 1637 788 potissimum
1653 723 1698 770 est

595 818 776 885 persecutus,
787 819 818 867 et
832 809 940 887 primes
954 810 1152 869 Ecclesisrum
1167 812 1348 890 querundnm
1358 812 1495 892 origines,
1509 812 1568 871 slis
1582 814 1699 893 parcius

595 911 704 988 attigit.
726 911 911 971 Fssrucms.
1340 978 1342 980 ‚

637 1012 653 1058 b
676 1014 744 1073 Hoc
766 1026 811 1073 est
835 1015 975 1082 decimus,
1002 1016 1092 1076 Petro
1114 1037 1173 1077 uns
1190 1022 1375 1099 computato.
1417 1019 1467 1080 Sic
1488 1041 1578 1100 supra
1602 1043 1628 1081 c.
1643 1043 1691 1080 xv.

596 1117 721 1176 Clemens
743 1127 862 1197 quartus
882 1127 946 1196 port
964 1119 1079 1180 Petrum
1095 1120 1241 1181 Romam
1257 1122 1416 1201 episcopus,
1435 1122 1575 1203 siquiden
1597 1146 1696 1183 secun·

594 1221 649 1278 dus
676 1221 771 1279 Linus
784 1220 851 1300 fuit
876 1229 902 1279 el
924 1222 1026 1281 tertius
1056 1223 1163 1282 Clesus.
1199 1225 1388 1286 anmcrns.
1431 1226 1601 1286 Secundum
1623 1228 1695 1287 alios

594 1337 714 1386 notente
735 1326 843 1386 ibidem
858 1327 1002 1393 Fabricio,
1026 1327 1156 1390 decimus
1175 1342 1220 1390 est
1236 1330 1317 1398 Pius,
1333 1328 1477 1390 Anicetus
1497 1331 1553 1390 iste
1573 1331 1695 1391 undeci-

593 1452 678 1502 mus;
701 1431 752 1490 sed
767 1432 948 1511 Hieronymo
963 1442 997 1490 ut
1010 1431 1074 1490 eliis
1087 1432 1202 1492 Latinis
1216 1454 1386 1513 persuasum
1400 1434 1492 1494 fuisse
1505 1435 1557 1503 eit,
1567 1434 1696 1496 Aniceto

594 1536 680 1594 Pium
693 1537 872 1603 successione,
883 1545 914 1595 et
926 1535 977 1595 Pio
987 1537 1131 1598 Soterem.
1152 1538 1248 1599 Alteri
1256 1560 1326 1599 vero
1335 1539 1487 1599 sententies
1497 1539 1695 1619 adstipuletur

594 1640 791 1719 Hegesippns,
813 1640 864 1717 qui
889 1640 1013 1699 Romam
1037 1640 1118 1699 venit
1140 1642 1195 1701 sub
1219 1641 1356 1713 Aniceto‚
1380 1641 1571 1719 disertimque
1595 1642 1695 1709 trudit.

592 1740 721 1801 Aniceto
747 1743 916 1802 successisse
938 1742 1080 1803 Soterem.
1106 1743 1176 1803 Vid.
1193 1744 1311 1823 Frogm.
1326 1745 1366 1803 vi.
1381 1744 1459 1803 infre
1478 1765 1508 1824 p.
1526 1760 1596 1819 ²¹7·
1633 1746 1695 1805 Ire-

592 1866 687 1903 naeum
713 1865 829 1923 quoque
856 1845 934 1905 idem
958 1847 1133 1907 referentem
1156 1847 1289 1908 videmus
1311 1848 1436 1907 inferius
1459 1847 1540 1927 spud
1562 1848 1695 1908 Concin-

592 1950 692 2008 Luco.
750 1948 843 2007 Porro
864 1948 919 2009 hec
942 1948 1061 2026 quidem
1087 1949 1118 2008 in
1140 1970 1172 2010 re
1197 1950 1360 2011 Eusebium
1383 1970 1468 2009 suum
1493 1950 1695 2030 Hieronymus

591 2053 753 2112 deseruisse
775 2051 934 2120 videretur,
958 2052 1038 2131 quod
1056 2064 1155 2112 temen
1179 2052 1232 2111 vix
1250 2053 1400 2133 probabile
1422 2062 1488 2124 est;
1510 2072 1591 2113 cons.
1615 2056 1691 2113 enirn

542 2185 544 2187 ·
591 2158 642 2217 lib.
659 2157 697 2215 iv.
716 2157 796 2215 Hisl.
814 2158 894 2216 Eccl.
908 2179 934 2218 c.
954 2177 999 2216 12.
1021 2158 1071 2217 ubi
1090 2156 1172 2227 Pius,
1188 2176 1246 2214 non
1268 2154 1423 2223 Anicetus,
1438 2154 1562 2235 Hygino
1580 2176 1692 2216 sumes·

591 2261 662 2319 sisse
677 2259 794 2318 dicitur.
827 2260 909 2332 Quin
923 2273 954 2321 et
969 2262 1146 2320 chronicum
1163 2259 1374 2325 Eusebisnum,
1388 2268 1522 2318 vertente
1536 2258 1603 2337 ipso
1623 2260 1694 2318 Hie·

591 2384 724 2442 ronymo,
752 2364 913 2443 Hyginum,
940 2365 1038 2435 Pium,
1066 2364 1234 2433 Anicetum,
1261 2362 1364 2421 ordine
1391 2373 1532 2421 consueto
1561 2362 1693 2429 collocet,

591 2467 719 2526 Aniceto
733 2467 845 2527 decimo
860 2482 972 2538 vocato,
984 2469 1075 2528 Petro
1089 2467 1168 2527 haud
1181 2477 1359 2547 computato.
1395 2465 1453 2526 Sed
1467 2466 1503 2526 de
1518 2467 1692 2548 Hieronymi

591 2571 736 2629 sententis
763 2570 863 2630 confer
893 2570 1084 2631 Pesrsonium
1113 2568 1210 2649 Opera
1234 2567 1382 2633 Postume.
1401 2569 1481 2630 Dies.
1496 2569 1541 2629 11.
1564 2571 1605 2630 xi.
1621 2592 1649 2645 4.
1664 2592 1692 2651 p.

594 2675 660 2749 169.
674 2673 719 2731 ed.
734 2673 830 2732 Lond.
874 2674 1020 2732 Ceterum
1036 2673 1154 2732 Aniceti
1170 2693 1264 2732 annus
1278 2673 1389 2751 primus
1407 2672 1443 2731 sd
1458 2692 1567 2731 sunum
1584 2675 1690 2734 Christi

595 2797 603 2833 1
612 2795 660 2852 51.
677 2778 737 2834 fere
759 2798 872 2855 semper
886 2778 1057 2855 assignatur,
1074 2777 1196 2835 ultimus
1215 2775 1345 2852 ejusdem
1367 2776 1494 2854 episcopi
1509 2776 1546 2833 ed
1560 2797 1608 2834 nn.
1627 2780 1691 2836 160.

591 2881 745 2940 Eleutheri
757 2892 855 2939 autem
870 2902 964 2940 eunus
975 2882 1087 2959 primus
1102 2881 1138 2939 ed
1152 2901 1199 2941 en.
1217 2881 1281 2956 169.
1297 2879 1419 2938 ultimus
1433 2878 1470 2937 ed
1483 2899 1531 2936 un.
1546 2880 1614 2953 184.

617 2988 709 3044 cNon
721 2987 956 3065 spndAntinoum
967 2986 1108 3046 civilatem
1117 2987 1284 3064 gymnicum
1290 2985 1423 3043 Antinoo
1433 3004 1554 3062 ugonem
1565 2987 1690 3044 exerceri

590 3092 718 3160 solitum,
734 3092 829 3149 sedin
844 3092 1005 3155 Mantinea,
1020 3091 1120 3148 scribit
1141 3090 1299 3147 Pausanias
1313 3089 1343 3146 in
1361 3088 1523 3154 Arcadicis,
1538 3094 1553 3144 ὁ
1567 3093 1692 3155 βασιλεὺς

591 3199 773 3266 καταστήσατο
787 3200 856 3271 αὐτῷ
871 3199 898 3251 ἐν
907 3197 1045 3265 Μαντινείᾳ
1060 3196 1135 3264 ripas
1149 3197 1190 3249 sul
1203 3195 1391 3263 velleris—xci
1404 3194 1474 3266 ἆγών
1488 3200 1562 3251 ἐστιν
1576 3199 1645 3269 αὐτῷ
1659 3196 1690 3249 δι’

589 3306 663 3359 ἔτους
677 3303 803 3372 πέμπτου.
845 3299 911 3356 Jum
927 3300 1024 3374 itaque
1039 3297 1136 3354 malim
1152 3297 1307 3355 emendare
1324 3297 1355 3354 in
1369 3295 1610 3374 praestantissimo
1624 3296 1690 3353 MS.

590 3418 698 3468 nostro,
717 3426 791 3483 agon
806 3412 952 3462 exercetur
968 3401 1134 3466 Aulonoius,
1155 3399 1350 3479 civitatemque
1369 3421 1403 3458 ex
1425 3402 1488 3479 ejus
1510 3402 1622 3460 nomine
1640 3404 1687 3457 dic.

590 3530 682 3585 eoque
696 3508 798 3584 magis,
814 3506 891 3583 quod
907 3505 983 3564 idem
1000 3504 1186 3582 Hegesippus
1200 3507 1215 3557 ὁ
1229 3505 1270 3559 sal
1283 3504 1354 3577 ἀγὼν
1367 3506 1457 3578 ἄγεται
1469 3503 1630 3563 Ἀττονοτὶοτ
1643 3509 1688 3562 dic.

591 3614 806 3670 Vsuusnsrus.
831 3612 890 3687 Op.
912 3610 944 3669 S.
958 3611 1079 3667 Hieron.
1103 3608 1198 3667 editor
1219 3608 1403 3667 novissimus.
1439 3607 1499 3666 Sed
1522 3610 1611 3668 verbu
1633 3610 1688 3686 ipss

592 3716 750 3794 Hegesippi
765 3715 842 3773 infre
855 3715 986 3773 invenies
1001 3732 1065 3791 png.
1082 3713 1150 3771 218.
1167 3712 1324 3791 descripte.
