4359 5150
539 454 604 523 290
915 448 1270 515 ANNOTATIONES

540 628 682 686 mutasse
696 620 831 695 dicitur3
853 640 891 683 ac
905 627 1061 703 praeterea
1076 620 1221 704 quoedam
1240 619 1335 704 hujus
1353 619 1548 685 narrationis
1565 627 1651 685 sunt-

540 723 702 809 adjunota‚
725 744 796 807 quae
821 722 854 784 in
877 720 1041 785 Eleutheri
1067 744 1279 786 successorem
1300 722 1407 807 aptius
1428 721 1638 794 conveniantr

541 825 643 890 satius
657 824 757 888 visum
772 830 822 887 est
835 822 918 886 hanc
927 823 1138 887 mutationem
1150 823 1276 888 Victori
1291 823 1480 888 adscribere.
1515 824 1640 908 Quippe

542 928 696 1005 Praxeas,
710 933 747 990 ut
762 924 976 989 Tertullianus
992 926 1140 1009 loquitur,
1158 926 1337 989 Romanum
1353 922 1549 1009 pontificem,
1556 945 1641 1008 paw-

541 1050 684 1094 oasscnaa
712 1028 775 1112 ejas
802 1027 993 1091 cucwritates
1021 1028 1216 1111 defendendo,
1242 1029 1334 1112 coegit
1359 1028 1476 1091 baara
1494 1026 1586 1108 pact
1611 1026 1643 1088 in

540 1132 680 1219 gretiam
711 1129 860 1194 Montani
881 1130 952 1211 jam
978 1132 1101 1194 arciaca
1124 1151 1274 1194 revocare.
1319 1129 1423 1215 Atqui
1448 1129 1642 1194 Eleutheros

541 1234 704 1320 proximus
719 1253 879 1296 successor
895 1232 1016 1296 Soteris
1030 1232 1101 1309 luit,
1117 1233 1159 1296 ad
1174 1232 1264 1317 cujus
1279 1252 1396 1296 annum
1411 1238 1563 1314 quartum
1582 1230 1641 1295 Ga·

541 1335 735 1419 taphrygum
771 1356 827 1397 seu
859 1334 1132 1397 Montanisterum
1162 1333 1315 1418 originem
1345 1332 1503 1396 Eusebius
1531 1330 1640 1395 refert.

542 1434 615 1499 Non
637 1435 735 1519 igitur
757 1434 900 1498 Praxeas
923 1435 1097 1498 Eleuthero
1112 1455 1329 1519 prceoessorum
1349 1435 1412 1517 ejas
1438 1434 1640 1502 commata.

542 1539 598 1602 sed
614 1537 706 1600 unius
721 1536 844 1601 Soteris
858 1538 1083 1602 auctoritatem
1102 1539 1253 1602 adversus
1268 1537 1489 1602 Montanistas
1500 1536 1642 1621 prolerre

541 1639 708 1725 potuisset.
753 1638 879 1703 Deinde
902 1661 941 1702 ex
961 1639 1065 1702 verbis
1081 1639 1268 1703 Tertulliani
1290 1638 1465 1715 conficitur,
1483 1637 1641 1701 Praxeam

456 1731 458 1734 ⁵
542 1740 575 1805 in
590 1741 701 1805 urbem
716 1741 846 1818 venisse,
856 1740 962 1824 ibique
976 1741 1123 1804 haeresim
1134 1763 1224 1805 suam
1235 1741 1465 1805 disseminasse.
1504 1739 1642 1803 Aliunde

542 1864 618 1907 vero
646 1849 758 1906 notum
791 1849 852 1917 cst,
876 1841 1023 1905 haeresim
1053 1842 1137 1906 illius
1170 1865 1233 1909 non
1259 1843 1347 1927 prius
1371 1842 1524 1927 erupisse,
1547 1862 1642 1926 quam

542 1944 655 2008 Victor
668 1942 892 2028 pontificatum
906 1944 1045 2027 adeptus
1060 1951 1153 2008 esset.

586 2044 713 2110 Oertius
727 2051 777 2107 est
792 2043 975 2107 Gallicanos
988 2045 1114 2120 iratres,
1127 2067 1191 2109 una
1202 2067 1273 2109 cum
1287 2044 1440 2109 relatione
1451 2065 1562 2107 eorum
1573 2064 1642 2127 ques

542 2152 701 2230 martyres
716 2143 863 2228 Lugduni
878 2145 964 2228 pessi
984 2145 1122 2222 fuerant,
1137 2145 1296 2230 privatum
1316 2146 1355 2209 de
1370 2145 1543 2223 Montano,
1559 2144 1642 2207 Alci·

542 2247 637 2312 biade
652 2268 690 2311 ac
705 2245 873 2310 Theodoto
883 2247 1038 2330 judicium
1052 2270 1155 2325 suum,
1167 2248 1346 2333 religiosam,
1359 2247 1463 2332 inquit
1474 2246 1641 2322 Eusebius,

542 2358 570 2413 et
594 2370 662 2413 aaa
685 2348 848 2412 orthodoxo
863 2348 930 2431 fide
957 2350 1183 2413 accuratissime
1207 2350 1395 2424 commisces,
1422 2349 1465 2411 ad
1492 2348 1580 2412 Asiae
1609 2355 1642 2411 et

544 2448 694 2535 Phrygiae
709 2448 856 2512 ecclesias
871 2448 1004 2512 misisse.
1030 2450 1121 2513 Idem
1133 2450 1286 2534 judicium
1298 2450 1391 2514 simul
1402 2472 1456 2513 eos
1467 2448 1641 2513 Eleuthero

543 2555 656 2614 notum
673 2547 783 2613 iecisse
798 2548 888 2613 valde
909 2550 1073 2634 probabile
1096 2562 1156 2616 est.
1203 2553 1277 2616 Hoc
1299 2559 1395 2625 certe,
1411 2550 1552 2616 Eusebio
1573 2549 1641 2635 ipso

543 2657 639 2727 teste,
661 2650 903 2723 confirmabant,
916 2652 1050 2735 prolatis
1071 2656 1294 2738 interfectorum
1316 2654 1403 2738 aprici
1422 2676 1452 2717 sc
1473 2663 1642 2736 martyram

543 2754 642 2815 acriis
656 2752 794 2836 epistolis,
811 2774 886 2835 quas
901 2754 959 2829 illi,
973 2756 1045 2817 dorm
1061 2757 1073 2817 i
1076 2779 1094 2817 a
1110 2758 1237 2820 circulis
1252 2757 1351 2819 callere
1365 2766 1462 2832 cessat,
1470 2757 1591 2840 parlim
1602 2754 1643 2816 od

534 2857 656 2939 fratres
681 2856 715 2917 ia
739 2854 877 2939 Phrygia
903 2856 1045 2939 decernes,
1065 2861 1185 2942 partim
1210 2859 1255 2921 od
1278 2859 1475 2922 Eleutherum
1498 2860 1642 2921 Roraaaoe

543 2958 625 3021 urbis
648 2958 816 3040 episcopam
837 2958 1028 3041 carpserant.
1075 2961 1146 3023 Nec
1168 2961 1391 3045 ambigendum
1414 2961 1549 3036 videtur,
1569 2960 1640 3043 quin

542 3062 668 3125 litteras
690 3059 759 3121 illas
781 3060 1025 3142 conscripserint
1050 3071 1215 3146 martyres,
1237 3070 1406 3146 postquam
1431 3062 1639 3135 Alcibiadem,

544 3164 633 3246 cujus
652 3168 782 3225 austera
796 3161 919 3224 vivendi
939 3164 1023 3227 ratio
1041 3166 1248 3229 lllontanistis
1270 3167 1375 3229 favere
1390 3166 1571 3242 videbatur,
1586 3185 1641 3226 acri

543 3277 619 3330 recle
642 3286 732 3349 acque
755 3264 860 3326 ardiae
886 3267 984 3332 facere
1010 3267 1125 3331 Attalo
1151 3269 1327 3332 revelatum
1352 3268 1421 3332 fuit.
1468 3269 1639 3331 Cousmur.

544 3369 620 3433 Vid.
636 3368 719 3431 infra
732 3367 775 3430 ad
790 3367 843 3430 fin.
861 3368 1137 3432 Er1sr.Vmua.ar
1154 3371 1413 3434 Luenuunusrum.

911 3607 1280 3640 -ψ-

588 3766 718 3832 Interea
733 3770 849 3833 statuit
870 3771 937 3833 sinc
958 3771 1082 3845 idonee,
1100 3770 1196 3831 immo
1219 3776 1327 3853 spreto
1343 3768 1446 3832 valido
1461 3769 1640 3833 testimonio

545 3869 714 3946 semlerus,
728 3879 884 3955 martyres
899 3874 1128 3956 Lugdunenses
1141 3880 1174 3934 et
1184 3872 1377 3935 Viennenses
1392 3872 1487 3934 luisse
1503 3874 1640 3955 partium

546 3972 828 4049 Montaaistarum
854 3976 996 4059 quamvis
1021 3974 1168 4038 catholici
1194 3989 1306 4058 postea
1331 3975 1399 4038 haec
1424 3976 1554 4039 aomina
1579 3975 1641 4039 suis

545 4074 635 4139 fastis
650 4076 877 4160 inscripserint.
924 4077 1088 4142 obserata
1105 4078 1187 4139 Noa.
1201 4078 1252 4157 §§.
1266 4075 1317 4139 28.
1329 4084 1362 4139 et
1377 4096 1428 4160 43.
1473 4076 1536 4140 Sed
1552 4078 1640 4162 plura

545 4177 584 4239 de
598 4177 658 4241 huc
673 4201 717 4253 re,
734 4181 860 4263 quando
875 4181 916 4243 ad
931 4180 1026 4243 finem
1042 4179 1183 4263 epistolae
1202 4180 1337 4244 fratrum
1353 4179 1471 4242 Vienn.
1488 4187 1522 4243 et
1539 4181 1639 4265 Lugd.

544 4279 729 4344 venerimus.
775 4281 951 4344 Ostendere
966 4288 1073 4345 autem
1089 4281 1156 4345 vult
1174 4282 1205 4345 in
1226 4284 1309 4346 notis
1329 4283 1371 4347 ad
1389 4284 1563 4346 Eusebium
1579 4285 1638 4347 Va·

544 4381 648 4460 lesius‚
659 4382 692 4445 S.
705 4385 862 4446 Irenaeum
877 4384 1002 4448 litteras
1017 4391 1194 4468 martyrum
1209 4385 1250 4448 ad
1262 4385 1468 4448 Eleutherum
1483 4405 1639 4471 nunquam

545 4506 656 4567 reapse
679 4486 854 4569 pertulisse,
871 4495 1002 4570 propter
1021 4490 1185 4571 angustias
1206 4488 1343 4551 ecclesiae
1367 4491 1518 4574 Lugduni
1539 4500 1637 4555 reten-
