4359 5150
539 413 641 484 xxxii
914 406 1219 482 PRAEFATIO.

540 607 746 690 Saviliano
774 607 881 689 libro
910 609 1125 689 nominato
1154 604 1364 715 exemplar
1393 604 1587 687 editionis

539 742 957 852 Stephanianaevariis
968 740 1409 825 lectionibusaSavilio
1417 735 1588 823 auctum

541 877 761 961 intellexit.
819 879 885 960 De
915 878 1044 987 ipsius
1073 905 1170 959 vero
1200 876 1352 958 codicis
1384 875 1589 985 scriptura

541 1013 802 1120 frequentius
826 1010 1107 1093 hallucinatus
1132 1024 1196 1092 est
1222 1011 1455 1092 Fridericus
1476 1011 1588 1091 Stro-

541 1147 666 1243 thius,
696 1149 730 1228 is
758 1148 831 1255 qui
861 1159 958 1229 ante
987 1174 1118 1228 annos
1146 1144 1238 1256 plus
1263 1145 1436 1254 triginta
1461 1143 1590 1227 libros

541 1296 700 1393 septem
720 1285 969 1366 Eusebium
988 1285 1197 1365 Historiae
1225 1282 1349 1363 Halae
1373 1283 1426 1364 ad
1453 1281 1590 1364 Salam

543 1416 691 1499 Graece
711 1416 855 1498 edidit.
905 1418 999 1525 Ipse
1028 1431 1167 1498 autem
1199 1417 1260 1496 vir
1289 1415 1337 1498 cl.
1364 1417 1407 1496 in
1438 1416 1592 1498 Praefa-

542 1553 656 1633 tione
676 1555 750 1633 sna
769 1580 859 1660 pag.
872 1551 943 1632 xii.
966 1552 1050 1632 suis
1069 1553 1198 1661 ipsius
1218 1551 1423 1634 erroribus
1450 1580 1592 1634 occur-

542 1715 636 1769 rens
655 1687 745 1769 haec
764 1688 824 1767 ait
839 1718 849 1780 ;
881 1696 902 1733 “
917 1685 1159 1767 Monendus
1178 1698 1242 1769 est
1260 1685 1399 1782 lector,
1415 1686 1591 1768 tacitum

542 1822 709 1933 “hujus
737 1822 888 1903 codicis
907 1822 1138 1927 (Saviliani)
1167 1823 1452 1906 testimonium
1481 1849 1591 1931 saepe

542 1968 607 2039 “a
627 1959 744 2039 nobis
769 1956 993 2066 allegatum
1014 1986 1112 2058 esse,
1132 1960 1200 2041 ubi
1224 1959 1361 2041 forsan
1385 1987 1469 2040 non
1490 1957 1591 2040 alle-

543 2104 565 2146 “
583 2094 671 2203 gari
700 2093 920 2174 debuisset.
978 2093 1060 2174 Ubi
1090 2122 1240 2203 nempe
1266 2093 1455 2175 Valesius
1481 2093 1593 2174 codi-

544 2240 566 2277 “
583 2256 679 2311 cum
703 2226 814 2309 Man.
836 2227 952 2310 Med.
975 2242 1018 2311 et
1037 2229 1188 2311 Fuket.
1208 2229 1494 2312 testimonium
1517 2256 1593 2337 pro

544 2363 724 2472 “aliqua
765 2364 942 2447 lectione
988 2364 1251 2474 allegaverat,
1290 2367 1342 2448 de
1386 2364 1594 2446 Saviliano

544 2510 566 2554 ‘⁶
585 2497 691 2580 nihil
730 2500 882 2596 dicens,
915 2499 972 2581 ibi
1007 2497 1113 2581 nihil
1147 2500 1201 2582 ad
1234 2499 1462 2608 marginem
1503 2502 1594 2610 ejus

545 2648 567 2685 ‘⁴
586 2647 779 2717 notatum
812 2640 909 2746 jure
947 2636 1284 2734 existimavimus,
1320 2649 1447 2745 atque
1494 2635 1595 2718 hinc

546 2772 757 2853 “codicem
778 2775 873 2851 Sav.
901 2782 1101 2877 tanquam
1130 2800 1226 2851 curn
1256 2771 1359 2879 Reg.
1380 2781 1423 2852 et
1448 2769 1592 2880 Steph.

546 2906 909 2988 “consentientem
929 2903 1230 3013 allegavimus.”
1276 2908 1341 2988 Sic
1360 2905 1595 3000 Strothius3

547 3040 631 3148 qui,
652 3052 701 3120 ut
729 3038 807 3121 hoc
836 3038 925 3120 loco
954 3041 998 3121 id
1025 3068 1228 3137 moneam,
1247 3041 1291 3121 in
1311 3041 1496 3122 editione
1522 3069 1598 3122 sua

549 3176 725 3272 (utinam
745 3172 859 3255 illam
879 3175 932 3256 ad
951 3175 1078 3257 finem
1099 3176 1373 3284 perduxisset)
1395 3173 1598 3283 plurimas

549 3308 747 3392 lectiones
767 3308 1065 3418 Stephanianas
1084 3339 1108 3391 a
1127 3310 1293 3391 Valesio
1313 3313 1463 3419 ejectas
1486 3325 1599 3418 post-

549 3443 710 3525 liminio
731 3445 953 3525 redeuntes
972 3445 1167 3525 restituit.
1218 3446 1329 3526 Usus
1347 3473 1516 3554 quoquc
1536 3458 1599 3527 est

551 3580 612 3660 vir
632 3578 682 3660 cl.
706 3579 773 3659 cui
794 3574 948 3657 nullius
971 3579 1112 3687 scripti
1134 3579 1305 3661 Eusebii
1325 3581 1441 3688 copia
1460 3579 1599 3676 fiebat,

550 3714 777 3797 lectionum
797 3714 1000 3795 variarum
1021 3743 1145 3823 penu,
1165 3716 1238 3826 qui
1258 3714 1323 3797 vel
1347 3717 1388 3795 in
1413 3717 1600 3824 margine

552 3849 746 3931 editionis
774 3848 1038 3944 Genevensis,
1062 3847 1128 3929 vel
1157 3850 1210 3930 ad
1237 3849 1390 3932 calcem
1419 3847 1600 3931 Readin-

551 3986 696 4094 gianae‚
715 3997 778 4066 est
796 3985 1045 4079 adservatus,
1066 3998 1217 4092 praeter
1237 3984 1434 4066 lectiones
1449 3983 1603 4065 codicis

554 4121 717 4215 Veneti,
737 4121 809 4201 sed
830 4148 1003 4202 numero
1026 4122 1302 4229 paucissimas
1322 4149 1416 4229 quae
1443 4121 1496 4202 ad
1516 4122 1604 4201 edi-

554 4257 679 4337 tionis
701 4254 995 4362 Stephanianae
1021 4284 1135 4336 oram
1155 4255 1330 4364 alicujus
1353 4284 1480 4337 manu
1501 4256 1603 4337 olim
