4359 5150
580 433 582 438 ’
621 450 688 514 no
990 450 1346 518 naaornrrouas

625 620 734 705 itaque
757 625 879 689 κτίσεως
903 632 939 686 ut
962 624 1116 687 veriorem
1138 623 1305 687 lectionem
1328 624 1423 687 edidi.
1470 624 1626 708 Idemque
1649 640 1728 683 nune

627 723 737 787 iecisse
748 724 895 788 videntur
906 724 937 787 in
950 725 1143 789 editionibus
1152 725 1217 788 suis
1227 725 1451 789 Zimmerman.
1460 724 1728 798 etHeiniehenus‚

628 847 700 888 euni
732 827 888 903 Burtono‚
919 827 972 911 qui
1003 825 1130 911 quidem
1160 827 1284 890 codices
1314 827 1493 891 consentire
1522 827 1611 891 Mod.
1642 827 1728 889 Mas.

628 928 735 991 Faket.
750 934 890 991 testatus
910 935 969 991 est
1015 927 1144 992 interea
1158 928 1211 991 vix
1232 949 1411 1013 quenquam
1427 929 1548 993 moneri
1568 950 1650 1012 opus
1670 934 1730 1001 est,

631 1028 794 1093 Melitonis
810 1031 984 1110 ὀρθοὸοξίαν
999 1030 1039 1093 de
1054 1030 1127 1093 Filii
1143 1030 1203 1092 Dei
1219 1038 1337 1095 natura
1351 1031 1431 1095 satis
1446 1031 1529 1095 tueri
1551 1031 1731 1113 fragmenta

629 1153 699 1215 quae
720 1139 900 1215 supersunt,
917 1139 954 1195 ut
972 1132 1191 1197 testimonium
1211 1132 1360 1196 omittam
1384 1134 1424 1196 de
1447 1133 1507 1196 hae
1532 1154 1567 1195 re
1591 1130 1732 1194 auctoris

628 1242 733 1304 Ρανοί
758 1239 943 1324 halys-isaki
967 1241 1054 1325 apud
1080 1241 1254 1305 Eusebium
1279 1242 1333 1304 lib.
1358 1264 1385 1304 v.
1410 1242 1496 1305 Hie.
1520 1263 1546 1303 o.
1573 1238 1624 1303 28.
1647 1239 1731 1324 quod

629 1364 726 1427 supra
740 1341 890 1407 collocavi
903 1364 976 1427 pag.
996 1362 1066 1425 125.

674 1448 711 1508 P.
734 1465 800 1508 120.
817 1443 837 1507 l.
855 1464 904 1522 24.
921 1447 1014 1526 λόγος
1027 1446 1119 1508 αὐτοῦ
1131 1446 1199 1526 περὶ
1213 1447 1407 1529 προφητείας]
1427 1444 1562 1509 Rufinus
1576 1445 1647 1510 haeo
1662 1467 1732 1509 cum

630 1545 733 1610 verbis
744 1545 959 1630 superioribus
969 1545 1134 1631 conjunxit
1145 1547 1205 1611 hoo
1217 1548 1333 1611 modo:
1346 1548 1396 1611 De
1405 1547 1468 1610 lide
1479 1554 1512 1611 et
1525 1548 1731 1632 generatione

629 1649 747 1714 Christi
764 1656 797 1712 et
811 1648 851 1711 de
865 1648 1034 1732 prophetia
1049 1648 1128 1733 ejus,
1144 1650 1194 1712 eui
1207 1657 1314 1713 tamen
1326 1671 1389 1712 non
1401 1648 1568 1713 assentior.
1600 1648 1732 1713 Rectius

629 1750 843 1835 Hieronymus
857 1750 889 1813 in
905 1750 986 1812 libro
1000 1751 1040 1814 de
1056 1751 1265 1836 scriptoribus
1281 1749 1512 1814 Ecclesiasticis
1527 1751 1612 1814 hunc
1628 1750 1731 1813 locum

628 1854 675 1917 ita
691 1853 794 1917 vertit.
841 1854 919 1915 Item
933 1853 970 1916 de
979 1852 1143 1936 ρνορίιαίία
1160 1874 1216 1915 sua
1236 1851 1346 1915 libram
1368 1873 1471 1915 anam.
1518 1854 1617 1915 Certe
1642 1852 1731 1915 Meli·

628 1952 1730 2039 tonemprophetamaplerisquehabitumluissedooetTertullianus.

631 2056 846 2140 Hieronymus
868 2055 900 2117 in
926 2055 1093 2128 Melitene,
1117 2056 1230 2139 Ηιιριις,
1255 2054 1368 2139 inquit,
1392 2054 1510 2138 elecem
1532 2063 1559 2117 et
1584 2054 1730 2118 όοιίαοια-

628 2160 739 2221 mma
766 2158 919 2241 inqeniam
948 2157 1080 2220 ίαιιόαιιι
1113 2157 1319 2221 Tertullianus
1349 2158 1383 2220 in
1411 2166 1519 2241 septem
1544 2156 1637 2220 linas
1662 2180 1731 2242 quos

628 2260 750 2344 ιονιρςίί
766 2260 912 2323 aduersus
926 2260 1095 2323 Ecclesiam
1107 2282 1169 2344 pro
1184 2261 1343 2335 Montano,
1356 2260 1434 2324 dicit
1454 2282 1475 2323 α
1492 2260 1649 2345 plerisque
1670 2282 1730 2323 aos-

630 2372 745 2425 trorum
774 2362 952 2446 prophetam
985 2362 1109 2445 ροίανιῗ.
1166 2360 1252 2423 Vns.
1315 2361 1477 2425 Invenisse
1516 2361 1732 2445 Hieronymus

630 2466 756 2528 videtur
771 2468 819 2527 καὶ
832 2467 924 2543 λόγος
945 2466 1012 2545 περὶ
1029 2466 1211 2545 προφητείας
1233 2465 1331 2526 αὑτοῦ.
1377 2463 1440 2527 Sed
1463 2484 1538 2526 vero
1561 2462 1729 2535 Semlerus,

630 2566 684 2630 ubi
707 2588 812 2650 supra,
836 2566 989 2650 seriptum
1014 2565 1111 2628 fnisse
1138 2564 1220 2629 hnno
1246 2564 1362 2628 librum
1387 2586 1408 2628 a
1435 2562 1591 2628 Melitene
1620 2577 1732 2627 eontra

631 2668 780 2730 Montani
797 2668 998 2751 prophetiam
1017 2667 1207 2731 arbitratur.
1255 2666 1355 2751 ldque
1375 2675 1473 2742 recte,
1488 2667 1520 2729 ni
1541 2666 1644 2741 fallor,
1662 2689 1731 2729 curn

632 2770 776 2835 Clemens
793 2770 1028 2833 Alexandrinus
1043 2770 1075 2831 in
1095 2769 1177 2831 libro
1200 2769 1252 2831 illo
1275 2771 1342 2848 περὶ
1364 2770 1546 2848 προφητείας
1564 2769 1634 2852 jam
1658 2770 1731 2832 olim

631 2873 757 2956 perdito
773 2879 857 2935 certe
873 2879 997 2954 partem
1013 2871 1150 2955 aliquam
1166 2871 1234 2953 ejus
1246 2869 1349 2954 operis
1364 2876 1475 2932 eontra
1486 2871 1628 2953 ejusdem
1642 2872 1731 2934 Mon·

632 2976 700 3040 tani
716 2984 891 3039 sectatores
906 2976 1075 3058 scripserit,
1094 2975 1178 3058 quod
1193 2980 1333 3036 testatur
1348 2974 1414 3056 ipse
1434 2973 1580 3037 Clemens
1600 2975 1632 3036 in
1654 2975 1732 3050 loco,

632 3080 684 3162 qui
701 3079 814 3162 dignus
826 3086 885 3152 est,
897 3086 933 3140 ut
945 3077 995 3139 hio
1007 3075 1273 3153 efferatum-pi]
1285 3075 1384 3136 τοίνυν
1395 3074 1541 3155 φυχικοὺς
1555 3078 1591 3137 ἐν
1601 3079 1733 3142 ὀνείδους

630 3181 713 3262 μέρει
728 3185 880 3262 λεγόντων
895 3181 970 3258 ἡμᾶς
984 3181 1012 3240 οἱ
1028 3177 1235 3258 προειρημένοι
1260 3175 1503 3256 (Valentiniani)
1530 3178 1612 3240 ἀλλὰ
1636 3181 1685 3242 καὶ
1706 3180 1733 3240 αἱ

631 3285 755 3363 Φρύγες·
779 3282 833 3360 ἤδη
847 3285 905 3362 γὰρ
921 3281 968 3342 καὶ
984 3281 1065 3342 οὗτοι
1081 3279 1147 3343 τοὺς
1162 3282 1197 3356 τῇ
1213 3281 1266 3359 uec}
1282 3280 1446 3361 προφητείᾳ
1460 3278 1499 3356 μὴ
1515 3279 1730 3360 προσέχοντας,

632 3387 777 3467 φυχικοὺς
793 3390 946 3456 καλοῦσιν,
964 3382 1035 3462 πρὸς
1050 3383 1099 3447 οὓς
1117 3384 1149 3443 ἐν
1164 3383 1306 3461 τοῖςπερὶ
1324 3383 1505 3461 προφητείας
1526 3386 1732 3460 διαλεξόμεθα.

632 3489 742 3550 seam.
760 3487 798 3548 iv.
823 3488 850 3567 ξ.
877 3505 925 3569 ¹3·
947 3507 977 3567 p.
1000 3486 1073 3566 605.
1095 3483 1143 3545 cd.
1169 3481 1304 3545 Potteri.
1352 3481 1433 3543 Tum
1455 3490 1615 3564 praeterea
1638 3482 1731 3544 Meli-

632 3597 740 3652 tonem
756 3589 906 3651 adversus
921 3586 1088 3649 haeretieos
1099 3584 1222 3667 aliquos
1234 3583 1395 3667 scripsisse
1407 3605 1446 3646 ex
1461 3582 1649 3667 Hieronymi
1665 3584 1733 3647 loco

632 3691 664 3753 in
679 3691 781 3773 Epist.
797 3690 865 3774 ejus
879 3689 923 3751 cd
937 3690 1087 3772 Μαροιιοι
1103 3692 1240 3763 constat,
1251 3708 1344 3768 quem
1356 3684 1387 3747 in
1400 3686 1619 3747 Aronmsssn
1636 3685 1733 3770 Frag-

632 3792 747 3855 mentis
758 3814 831 3854 mox
840 3792 981 3854 afferam.
1001 3789 1085 3851 Hinc
1097 3811 1222 3871 quoque
1231 3786 1397 3850 verisimile
1408 3786 1732 3871 videtur‚episeopum

632 3895 833 3970 sardensem,
849 3894 901 3978 qui
924 3893 1001 3977 ipse,
1016 3898 1053 3954 ut
1075 3897 1168 3952 notat
1193 3888 1335 3951 Valesius
1357 3910 1377 3950 a
1397 3888 1554 3971 plerisque
1575 3890 1733 3973 prophet-a

631 3997 759 4059 habitus
774 4006 832 4070 est,
851 3997 1043 4058 Montanum
1062 3992 1176 4055 falsum
1197 3989 1387 4075 prophetam
1408 3997 1441 4053 et
1465 3998 1641 4054 sectatores
1666 3993 1732 4076 ejus

631 4121 695 4161 non
709 4105 836 4161 tanturn
852 4098 885 4159 in
902 4098 961 4159 hoe
976 4097 1056 4158 libro
1071 4093 1313 4178 oppugnavisse‚
1329 4093 1384 4154 sed
1406 4092 1503 4155 etiam
1527 4092 1558 4154 in
1582 4093 1645 4156 illis
1667 4094 1733 4173 περὶ

631 4204 783 4267 πολιτείας
799 4203 848 4262 καὶ
862 4203 1022 4279 προφητῶν
1035 4199 1104 4280 jam
1119 4216 1216 4278 supra
1230 4194 1495 4257 commemoratis.

677 4304 756 4367 lbid.
788 4304 836 4365 sai
860 4304 875 4363 ὁ
901 4303 967 4378 περὶ
995 4299 1182 4381 φιλοξενίας]
1210 4298 1257 4361 καὶ
1281 4299 1347 4378 περὶ
1377 4301 1478 4380 ψυχῆς
1508 4298 1555 4359 καὶ
1586 4300 1732 4376 σώματος,

631 4409 678 4469 καὶ
702 4408 717 4467 ὁ
742 4405 809 4482 περὶ
833 4404 1015 4482 φιλοξενίας.
1062 4399 1143 4464 Haec
1167 4411 1215 4462 ost
1239 4400 1397 4485 scriptura
1420 4399 1537 4463 codicis
1559 4399 1662 4484 Regii,
1685 4401 1731 4478 (et

627 4510 671 4572 ιό.
690 4507 804 4590 stan.)
823 4526 918 4588 quum
939 4502 1105 4567 confirmat
1128 4503 1226 4567 etiam
1249 4502 1392 4566 Rufinus.
1438 4502 1562 4566 Verum
1586 4523 1659 4565 cum
1680 4500 1730 4564 hie
