<?xml version="1.0" encoding="UTF-8"?>
<!DOCTYPE html PUBLIC "-//W3C//DTD XHTML 1.0 Transitional//EN"
    "http://www.w3.org/TR/xhtml1/DTD/xhtml1-transitional.dtd">
<html xmlns="http://www.w3.org/1999/xhtml" xml:lang="en" lang="en">
 <head>
  <title>
</title>
<meta http-equiv="Content-Type" content="text/html;charset=utf-8" />
  <meta name='ocr-system' content='tesseract 3.04.00' />
  <meta name='ocr-capabilities' content='ocr_page ocr_carea ocr_par ocr_line ocrx_word'/>
</head>
<body>
  <div class='ocr_page' id='page_1' title='image "./reliquiaesacrae04routgoog_0048.png"; bbox 0 0 4359 5150; ppageno 0'>
   <div class='ocr_carea' id='block_1_1' title="bbox 959 1557 1184 1632">
    <p class='ocr_par' dir='ltr' id='par_1_1' title="bbox 959 1557 1184 1632">
     <span class='ocr_line' id='line_1_1' title="bbox 959 1557 1184 1632; baseline 0.009 -2"><span class='ocrx_word' id='word_1_1' title='bbox 959 1557 1184 1632; x_wconf 83' lang='lat' dir='ltr'><strong>PLURIUM</strong></span> 
     </span>
    </p>
   </div>
   <div class='ocr_carea' id='block_1_2' title="bbox 581 1787 1557 1889">
    <p class='ocr_par' dir='ltr' id='par_1_2' title="bbox 581 1787 1557 1889">
     <span class='ocr_line' id='line_1_2' title="bbox 581 1787 1557 1889; baseline 0.004 -4"><span class='ocrx_word' id='word_1_2' title='bbox 581 1787 912 1885; x_wconf 85' lang='lat' dir='ltr'>AUCTORUM</span> <span class='ocrx_word' id='word_1_3' title='bbox 952 1787 1557 1889; x_wconf 85' lang='lat' dir='ltr'>EOCLESIASTICORUM</span> 
     </span>
    </p>
   </div>
   <div class='ocr_carea' id='block_1_3' title="bbox 668 2027 1471 2103">
    <p class='ocr_par' dir='ltr' id='par_1_3' title="bbox 668 2027 1471 2103">
     <span class='ocr_line' id='line_1_3' title="bbox 668 2027 1471 2103; baseline 0.005 -4"><span class='ocrx_word' id='word_1_4' title='bbox 668 2036 799 2100; x_wconf 87' lang='lat' dir='ltr'><strong>APUD</strong></span> <span class='ocrx_word' id='word_1_5' title='bbox 823 2035 856 2099; x_wconf 88' lang='lat' dir='ltr'>S.</span> <span class='ocrx_word' id='word_1_6' title='bbox 872 2027 1201 2102; x_wconf 84' lang='lat' dir='ltr'><strong>HIERONYMUM</strong></span> <span class='ocrx_word' id='word_1_7' title='bbox 1225 2036 1471 2103; x_wconf 81' lang='lat' dir='ltr'><strong>REOENSUS.</strong></span> 
     </span>
    </p>
   </div>
   <div class='ocr_carea' id='block_1_4' title="bbox 932 2240 1209 2287">
    <p class='ocr_par' dir='ltr' id='par_1_4' title="bbox 932 2240 1209 2287">
     <span class='ocr_line' id='line_1_4' title="bbox 932 2240 1209 2287; baseline 0 -18"><span class='ocrx_word' id='word_1_8' title='bbox 932 2240 1209 2287; x_wconf 44' lang='grc' dir='ltr'><em>...φ-.-</em></span> 
     </span>
    </p>
   </div>
   <div class='ocr_carea' id='block_1_5' title="bbox 540 2403 1595 4143">
    <p class='ocr_par' dir='ltr' id='par_1_5' title="bbox 540 2403 1595 4143">
     <span class='ocr_line' id='line_1_5' title="bbox 634 2403 1595 2492; baseline 0.002 -22"><span class='ocrx_word' id='word_1_9' title='bbox 634 2406 868 2470; x_wconf 85' lang='lat' dir='ltr'>IDELiCET</span> <span class='ocrx_word' id='word_1_10' title='bbox 912 2404 1140 2489; x_wconf 80' lang='lat' dir='ltr'><strong>Hieronymus,</strong></span> <span class='ocrx_word' id='word_1_11' title='bbox 1175 2427 1246 2469; x_wconf 90' lang='lat' dir='ltr'>cum</span> <span class='ocrx_word' id='word_1_12' title='bbox 1283 2403 1417 2491; x_wconf 79' lang='lat' dir='ltr'>Papiam</span> <span class='ocrx_word' id='word_1_13' title='bbox 1451 2406 1595 2492; x_wconf 87' lang='lat' dir='ltr'>aliosque</span> 
     </span>
     <span class='ocr_line' id='line_1_6' title="bbox 651 2512 1594 2599; baseline 0.002 -19"><span class='ocrx_word' id='word_1_14' title='bbox 651 2514 777 2580; x_wconf 86' lang='lat' dir='ltr'>circiter</span> <span class='ocrx_word' id='word_1_15' title='bbox 791 2513 903 2599; x_wconf 85' lang='lat' dir='ltr'>viginti</span> <span class='ocrx_word' id='word_1_16' title='bbox 925 2512 1103 2598; x_wconf 78' lang='lat' dir='ltr'>Scriptores</span> <span class='ocrx_word' id='word_1_17' title='bbox 1117 2536 1138 2579; x_wconf 84' lang='lat' dir='ltr'>a</span> <span class='ocrx_word' id='word_1_18' title='bbox 1152 2536 1203 2579; x_wconf 90' lang='lat' dir='ltr'>me</span> <span class='ocrx_word' id='word_1_19' title='bbox 1217 2515 1365 2581; x_wconf 88' lang='lat' dir='ltr'>collectos</span> <span class='ocrx_word' id='word_1_20' title='bbox 1386 2516 1460 2581; x_wconf 84' lang='lat' dir='ltr'>alibi</span> <span class='ocrx_word' id='word_1_21' title='bbox 1475 2538 1594 2583; x_wconf 90' lang='lat' dir='ltr'>memo-</span> 
     </span>
     <span class='ocr_line' id='line_1_7' title="bbox 542 2625 1594 2713; baseline -0.001 -20"><span class='ocrx_word' id='word_1_22' title='bbox 542 2634 657 2704; x_wconf 84' lang='lat' dir='ltr'>rasset,</span> <span class='ocrx_word' id='word_1_23' title='bbox 680 2627 719 2690; x_wconf 88' lang='lat' dir='ltr'>de</span> <span class='ocrx_word' id='word_1_24' title='bbox 741 2625 870 2710; x_wconf 84' lang='lat' dir='ltr'>reliquis</span> <span class='ocrx_word' id='word_1_25' title='bbox 892 2625 990 2688; x_wconf 82' lang='lat' dir='ltr'>ferme</span> <span class='ocrx_word' id='word_1_26' title='bbox 1014 2625 1160 2689; x_wconf 87' lang='lat' dir='ltr'>omnibus</span> <span class='ocrx_word' id='word_1_27' title='bbox 1183 2625 1234 2690; x_wconf 92' lang='lat' dir='ltr'>hic</span> <span class='ocrx_word' id='word_1_28' title='bbox 1256 2627 1382 2713; x_wconf 87' lang='lat' dir='ltr'>positis,</span> <span class='ocrx_word' id='word_1_29' title='bbox 1403 2627 1505 2712; x_wconf 90' lang='lat' dir='ltr'>iisque</span> <span class='ocrx_word' id='word_1_30' title='bbox 1528 2629 1594 2692; x_wconf 86' lang='lat' dir='ltr'>cul·</span> 
     </span>
     <span class='ocr_line' id='line_1_8' title="bbox 543 2734 1593 2820; baseline -0.001 -17"><span class='ocrx_word' id='word_1_31' title='bbox 543 2737 689 2813; x_wconf 89' lang='lat' dir='ltr'>tioribus,</span> <span class='ocrx_word' id='word_1_32' title='bbox 711 2736 743 2799; x_wconf 92' lang='lat' dir='ltr'>in</span> <span class='ocrx_word' id='word_1_33' title='bbox 766 2734 914 2820; x_wconf 81' lang='lat' dir='ltr'>Epistola</span> <span class='ocrx_word' id='word_1_34' title='bbox 935 2735 977 2798; x_wconf 89' lang='lat' dir='ltr'>ad</span> <span class='ocrx_word' id='word_1_35' title='bbox 1001 2734 1156 2820; x_wconf 81' lang='lat' dir='ltr'>Magnum</span> <span class='ocrx_word' id='word_1_36' title='bbox 1182 2745 1342 2800; x_wconf 88' lang='lat' dir='ltr'>oratorem</span> <span class='ocrx_word' id='word_1_37' title='bbox 1368 2736 1454 2800; x_wconf 88' lang='lat' dir='ltr'>urbis</span> <span class='ocrx_word' id='word_1_38' title='bbox 1480 2737 1593 2802; x_wconf 85' lang='lat' dir='ltr'>Romae</span> 
     </span>
     <span class='ocr_line' id='line_1_9' title="bbox 543 2847 835 2914; baseline -0.021 0"><span class='ocrx_word' id='word_1_39' title='bbox 543 2850 735 2914; x_wconf 89' lang='lat' dir='ltr'>mentionem</span> <span class='ocrx_word' id='word_1_40' title='bbox 751 2847 835 2911; x_wconf 86' lang='lat' dir='ltr'>fecit.</span> 
     </span>
     <span class='ocr_line' id='line_1_10' title="bbox 586 2948 1593 3044; baseline -0.003 -20"><span class='ocrx_word' id='word_1_41' title='bbox 586 2949 793 3034; x_wconf 81' lang='lat' dir='ltr'>cURnAM,</span> <span class='ocrx_word' id='word_1_42' title='bbox 809 2954 936 3040; x_wconf 87' lang='lat' dir='ltr'>(inquit)</span> <span class='ocrx_word' id='word_1_43' title='bbox 947 2977 1004 3039; x_wconf 91' lang='lat' dir='ltr'>per</span> <span class='ocrx_word' id='word_1_44' title='bbox 1015 2948 1171 3040; x_wconf 88' lang='lat' dir='ltr'>singulos:</span> <span class='ocrx_word' id='word_1_45' title='bbox 1190 2952 1366 3036; x_wconf 69' lang='lat' dir='ltr'>Qaadrctac</span> <span class='ocrx_word' id='word_1_46' title='bbox 1376 2957 1593 3044; x_wconf 85' lang='lat' dir='ltr'>apostolorum</span> 
     </span>
     <span class='ocr_line' id='line_1_11' title="bbox 542 3065 1593 3154; baseline -0.001 -21"><span class='ocrx_word' id='word_1_47' title='bbox 542 3068 722 3154; x_wconf 86' lang='lat' dir='ltr'>discipulus,</span> <span class='ocrx_word' id='word_1_48' title='bbox 735 3076 769 3132; x_wconf 87' lang='lat' dir='ltr'>et</span> <span class='ocrx_word' id='word_1_49' title='bbox 784 3065 992 3131; x_wconf 76' lang='lat' dir='ltr'>Atheniensis</span> <span class='ocrx_word' id='word_1_50' title='bbox 1006 3066 1150 3150; x_wconf 84' lang='lat' dir='ltr'>pontifex</span> <span class='ocrx_word' id='word_1_51' title='bbox 1165 3066 1315 3143; x_wconf 83' lang='lat' dir='ltr'>ecclesiae,</span> <span class='ocrx_word' id='word_1_52' title='bbox 1330 3089 1434 3131; x_wconf 91' lang='lat' dir='ltr'>nonne</span> <span class='ocrx_word' id='word_1_53' title='bbox 1445 3068 1593 3133; x_wconf 82' lang='lat' dir='ltr'>Adriano</span> 
     </span>
     <span class='ocr_line' id='line_1_12' title="bbox 541 3173 1592 3266; baseline -0.003 -22"><span class='ocrx_word' id='word_1_54' title='bbox 541 3178 686 3266; x_wconf 83' lang='lat' dir='ltr'>principi,</span> <span class='ocrx_word' id='word_1_55' title='bbox 703 3173 861 3242; x_wconf 83' lang='lat' dir='ltr'>Eleusinae</span> <span class='ocrx_word' id='word_1_56' title='bbox 884 3197 975 3240; x_wconf 84' lang='lat' dir='ltr'>sacra</span> <span class='ocrx_word' id='word_1_57' title='bbox 996 3176 1155 3254; x_wconf 85' lang='lat' dir='ltr'>invisenti,</span> <span class='ocrx_word' id='word_1_58' title='bbox 1176 3175 1291 3240; x_wconf 89' lang='lat' dir='ltr'>librum</span> <span class='ocrx_word' id='word_1_59' title='bbox 1311 3199 1370 3260; x_wconf 95' lang='lat' dir='ltr'>pro</span> <span class='ocrx_word' id='word_1_60' title='bbox 1391 3186 1501 3241; x_wconf 87' lang='lat' dir='ltr'>nostra</span> <span class='ocrx_word' id='word_1_61' title='bbox 1520 3178 1592 3242; x_wconf 89' lang='lat' dir='ltr'>reli·</span> 
     </span>
     <span class='ocr_line' id='line_1_13' title="bbox 541 3285 1593 3378; baseline -0.005 -23"><span class='ocrx_word' id='word_1_62' title='bbox 541 3292 634 3378; x_wconf 84' lang='lat' dir='ltr'>gione</span> <span class='ocrx_word' id='word_1_63' title='bbox 660 3288 814 3354; x_wconf 70' lang='lat' dir='ltr'>tradidit?</span> <span class='ocrx_word' id='word_1_64' title='bbox 848 3289 896 3351; x_wconf 89' lang='lat' dir='ltr'>Et</span> <span class='ocrx_word' id='word_1_65' title='bbox 927 3294 1028 3351; x_wconf 86' lang='lat' dir='ltr'>tantae</span> <span class='ocrx_word' id='word_1_66' title='bbox 1054 3285 1258 3350; x_wconf 73' lang='lat' dir='ltr'>admirationi</span> <span class='ocrx_word' id='word_1_67' title='bbox 1285 3286 1431 3350; x_wconf 89' lang='lat' dir='ltr'>omnibus</span> <span class='ocrx_word' id='word_1_68' title='bbox 1455 3286 1528 3364; x_wconf 86' lang='lat' dir='ltr'>fuit,</span> <span class='ocrx_word' id='word_1_69' title='bbox 1554 3296 1593 3350; x_wconf 87' lang='lat' dir='ltr'>ut</span> 
     </span>
     <span class='ocr_line' id='line_1_14' title="bbox 542 3395 1592 3486; baseline -0.001 -22"><span class='ocrx_word' id='word_1_70' title='bbox 542 3399 792 3486; x_wconf 76' lang='lat' dir='ltr'>persecutionem</span> <span class='ocrx_word' id='word_1_71' title='bbox 817 3397 1035 3482; x_wconf 84' lang='lat' dir='ltr'>gravissimam</span> <span class='ocrx_word' id='word_1_72' title='bbox 1065 3395 1148 3460; x_wconf 88' lang='lat' dir='ltr'>illius</span> <span class='ocrx_word' id='word_1_73' title='bbox 1172 3395 1327 3460; x_wconf 82' lang='lat' dir='ltr'>excellens</span> <span class='ocrx_word' id='word_1_74' title='bbox 1353 3397 1480 3461; x_wconf 83' lang='lat' dir='ltr'>sedaret</span> <span class='ocrx_word' id='word_1_75' title='bbox 1505 3397 1592 3483; x_wconf 85' lang='lat' dir='ltr'>inge-</span> 
     </span>
     <span class='ocr_line' id='line_1_15' title="bbox 541 3507 1591 3594; baseline -0.004 -20"><span class='ocrx_word' id='word_1_76' title='bbox 541 3512 638 3574; x_wconf 93' lang='lat' dir='ltr'>nium.</span> <span class='ocrx_word' id='word_1_77' title='bbox 682 3507 837 3572; x_wconf 63' lang='lat' dir='ltr'>Anteridon</span> <span class='ocrx_word' id='word_1_78' title='bbox 858 3507 1075 3594; x_wconf 83' lang='lat' dir='ltr'>philosophus,</span> <span class='ocrx_word' id='word_1_79' title='bbox 1101 3507 1149 3570; x_wconf 86' lang='lat' dir='ltr'>vir</span> <span class='ocrx_word' id='word_1_80' title='bbox 1175 3507 1459 3591; x_wconf 84' lang='lat' dir='ltr'>eloquentissimus,</span> <span class='ocrx_word' id='word_1_81' title='bbox 1486 3507 1591 3571; x_wconf 89' lang='lat' dir='ltr'>eidem</span> 
     </span>
     <span class='ocr_line' id='line_1_16' title="bbox 541 3618 1590 3706; baseline -0.002 -22"><span class='ocrx_word' id='word_1_82' title='bbox 541 3619 674 3706; x_wconf 88' lang='lat' dir='ltr'>principi</span> <span class='ocrx_word' id='word_1_83' title='bbox 700 3618 942 3703; x_wconf 83' lang='lat' dir='ltr'>Apologeticum</span> <span class='ocrx_word' id='word_1_84' title='bbox 964 3641 1022 3703; x_wconf 91' lang='lat' dir='ltr'>pro</span> <span class='ocrx_word' id='word_1_85' title='bbox 1044 3618 1233 3684; x_wconf 74' lang='lat' dir='ltr'>Christianis</span> <span class='ocrx_word' id='word_1_86' title='bbox 1251 3619 1380 3696; x_wconf 88' lang='lat' dir='ltr'>obtulit,</span> <span class='ocrx_word' id='word_1_87' title='bbox 1402 3627 1590 3684; x_wconf 78' lang='lat' dir='ltr'>contextum</span> 
     </span>
     <span class='ocr_line' id='line_1_17' title="bbox 540 3730 1590 3818; baseline -0.002 -21"><span class='ocrx_word' id='word_1_88' title='bbox 540 3732 799 3818; x_wconf 86' lang='lat' dir='ltr'>philosophorum</span> <span class='ocrx_word' id='word_1_89' title='bbox 813 3731 998 3808; x_wconf 86' lang='lat' dir='ltr'>sententiis;</span> <span class='ocrx_word' id='word_1_90' title='bbox 1023 3754 1118 3816; x_wconf 89' lang='lat' dir='ltr'>quem</span> <span class='ocrx_word' id='word_1_91' title='bbox 1138 3732 1281 3796; x_wconf 86' lang='lat' dir='ltr'>imitatus</span> <span class='ocrx_word' id='word_1_92' title='bbox 1297 3730 1318 3795; x_wconf 91' lang='lat' dir='ltr'><strong>J</strong></span> <span class='ocrx_word' id='word_1_93' title='bbox 1319 3732 1455 3810; x_wconf 86' lang='lat' dir='ltr'>ustinus,</span> <span class='ocrx_word' id='word_1_94' title='bbox 1469 3739 1503 3795; x_wconf 92' lang='lat' dir='ltr'>et</span> <span class='ocrx_word' id='word_1_95' title='bbox 1521 3731 1590 3816; x_wconf 90' lang='lat' dir='ltr'>ipse</span> 
     </span>
     <span class='ocr_line' id='line_1_18' title="bbox 540 3840 1589 3927; baseline 0 -21"><span class='ocrx_word' id='word_1_96' title='bbox 540 3842 755 3927; x_wconf 91' lang='lat' dir='ltr'>philosophus,</span> <span class='ocrx_word' id='word_1_97' title='bbox 772 3840 939 3906; x_wconf 87' lang='lat' dir='ltr'>Antonino</span> <span class='ocrx_word' id='word_1_98' title='bbox 959 3840 1018 3905; x_wconf 84' lang='lat' dir='ltr'>Pio</span> <span class='ocrx_word' id='word_1_99' title='bbox 1033 3850 1067 3906; x_wconf 90' lang='lat' dir='ltr'>et</span> <span class='ocrx_word' id='word_1_100' title='bbox 1081 3842 1153 3905; x_wconf 87' lang='lat' dir='ltr'>filiis</span> <span class='ocrx_word' id='word_1_101' title='bbox 1168 3842 1246 3926; x_wconf 86' lang='lat' dir='ltr'>ejus,</span> <span class='ocrx_word' id='word_1_102' title='bbox 1264 3843 1457 3927; x_wconf 88' lang='lat' dir='ltr'>Senatuique</span> <span class='ocrx_word' id='word_1_103' title='bbox 1472 3841 1589 3906; x_wconf 90' lang='lat' dir='ltr'>librum</span> 
     </span>
     <span class='ocr_line' id='line_1_19' title="bbox 540 3947 1589 4035; baseline 0 -19"><span class='ocrx_word' id='word_1_104' title='bbox 540 3959 654 4017; x_wconf 92' lang='lat' dir='ltr'>contra</span> <span class='ocrx_word' id='word_1_105' title='bbox 675 3950 818 4016; x_wconf 81' lang='lat' dir='ltr'>Gentiles</span> <span class='ocrx_word' id='word_1_106' title='bbox 840 3947 985 4025; x_wconf 84' lang='lat' dir='ltr'>tradidit,</span> <span class='ocrx_word' id='word_1_107' title='bbox 1000 3951 1172 4015; x_wconf 82' lang='lat' dir='ltr'>defendens</span> <span class='ocrx_word' id='word_1_108' title='bbox 1192 3951 1396 4035; x_wconf 86' lang='lat' dir='ltr'>ignominiam</span> <span class='ocrx_word' id='word_1_109' title='bbox 1417 3952 1531 4030; x_wconf 88' lang='lat' dir='ltr'>crucis,</span> <span class='ocrx_word' id='word_1_110' title='bbox 1554 3962 1589 4016; x_wconf 87' lang='lat' dir='ltr'>ct</span> 
     </span>
     <span class='ocr_line' id='line_1_20' title="bbox 540 4060 1589 4143; baseline -0.001 -16"><span class='ocrx_word' id='word_1_111' title='bbox 540 4061 802 4127; x_wconf 76' lang='lat' dir='ltr'>resurrectionem</span> <span class='ocrx_word' id='word_1_112' title='bbox 832 4060 953 4124; x_wconf 89' lang='lat' dir='ltr'>Christi</span> <span class='ocrx_word' id='word_1_113' title='bbox 983 4068 1055 4125; x_wconf 91' lang='lat' dir='ltr'>tota</span> <span class='ocrx_word' id='word_1_114' title='bbox 1084 4060 1261 4143; x_wconf 86' lang='lat' dir='ltr'>praedicans</span> <span class='ocrx_word' id='word_1_115' title='bbox 1289 4060 1450 4126; x_wconf 85' lang='lat' dir='ltr'>libertate.</span> <span class='ocrx_word' id='word_1_116' title='bbox 1503 4063 1589 4143; x_wconf 74' lang='lat' dir='ltr'>Quid</span> 
     </span>
    </p>
   </div>
   <div class='ocr_carea' id='block_1_6' title="bbox 540 4171 1589 4369">
    <p class='ocr_par' dir='ltr' id='par_1_6' title="bbox 540 4171 1589 4369">
     <span class='ocr_line' id='line_1_21' title="bbox 540 4171 1589 4260; baseline 0 -22"><span class='ocrx_word' id='word_1_117' title='bbox 540 4175 651 4260; x_wconf 88' lang='lat' dir='ltr'>loquar</span> <span class='ocrx_word' id='word_1_118' title='bbox 665 4174 706 4237; x_wconf 89' lang='lat' dir='ltr'>dc</span> <span class='ocrx_word' id='word_1_119' title='bbox 721 4171 864 4236; x_wconf 72' lang='lat' dir='ltr'>Meditata</span> <span class='ocrx_word' id='word_1_120' title='bbox 879 4172 1027 4236; x_wconf 86' lang='lat' dir='ltr'>Sardensi</span> <span class='ocrx_word' id='word_1_121' title='bbox 1048 4172 1216 4257; x_wconf 74' lang='lat' dir='ltr'>episcopo?</span> <span class='ocrx_word' id='word_1_122' title='bbox 1239 4171 1314 4256; x_wconf 88' lang='lat' dir='ltr'>quid</span> <span class='ocrx_word' id='word_1_123' title='bbox 1335 4173 1374 4236; x_wconf 91' lang='lat' dir='ltr'>dc</span> <span class='ocrx_word' id='word_1_124' title='bbox 1389 4172 1589 4259; x_wconf 79' lang='lat' dir='ltr'>Apollinario</span> 
     </span>
     <span class='ocr_line' id='line_1_22' title="bbox 541 4281 1588 4369; baseline -0.002 -19"><span class='ocrx_word' id='word_1_125' title='bbox 541 4284 792 4369; x_wconf 84' lang='lat' dir='ltr'>Hierapolitanae</span> <span class='ocrx_word' id='word_1_126' title='bbox 822 4283 960 4348; x_wconf 85' lang='lat' dir='ltr'>eccleeiae</span> <span class='ocrx_word' id='word_1_127' title='bbox 990 4283 1165 4358; x_wconf 88' lang='lat' dir='ltr'>sacerdote,</span> <span class='ocrx_word' id='word_1_128' title='bbox 1190 4281 1401 4366; x_wconf 71' lang='lat' dir='ltr'>Dionysioquo</span> <span class='ocrx_word' id='word_1_129' title='bbox 1427 4282 1588 4349; x_wconf 77' lang='lat' dir='ltr'>Corinthi·</span> 
     </span>
    </p>
   </div>
   <div class='ocr_carea' id='block_1_7' title="bbox 0 0 2184 5150">
    <p class='ocr_par' dir='ltr' id='par_1_7' title="bbox 0 0 2184 5150">
     <span class='ocr_line' id='line_1_23' title="bbox 0 0 2184 5150; baseline 0 6"><span class='ocrx_word' id='word_1_130' title='bbox 0 0 2184 5150; x_wconf 95' lang='lat' dir='ltr'> </span> 
     </span>
    </p>
   </div>
  </div>
 </body>
</html>
