4359 5150
622 450 687 511 130
1026 445 1382 511 ANNOTATIONES

620 615 699 680 Veri
728 616 840 679 Marco
866 616 1009 680 oblatum
1032 616 1138 680 luisse.
1184 616 1324 679 Proinde
1352 616 1384 679 in
1407 614 1539 679 Eusebii
1566 614 1721 680 Chronico

623 725 711 782 recte
725 717 758 781 id
773 718 911 781 refertur
924 740 1010 781 anno
1030 739 1077 781 ιο.
1095 719 1198 782 Marci
1214 717 1391 782 Antonini:
1414 739 1499 784 anno
1516 717 1639 782 scilicet
1653 724 1723 802 post

620 829 756 883 mortem
773 821 812 883 L.
825 820 907 884 Veri.
961 822 1130 897 Antonino,
1144 821 1257 904 inquit,
1274 820 1480 905 Impurata
1496 820 1638 884 Asiana
1651 820 1723 883 Sar·

619 921 734 985 dana
746 922 913 1007 Episcopus
927 922 1154 1008 Apolopelicam
1165 943 1226 1008 pro
1245 922 1433 986 Christiania
1453 920 1599 986 tradedit.
1642 919 1723 985 Cum

621 1023 751 1087 Eusebii
766 1024 923 1088 Glrronim
937 1026 1096 1089 consentit
1110 1032 1223 1088 auctor
1239 1024 1387 1088 chronici
1403 1021 1627 1088 Alexandrini.
1664 1019 1724 1102 Qui

620 1125 718 1189 etiam
741 1125 801 1188 hoc
823 1126 925 1201 addit,
951 1126 1099 1189 Marcum
1114 1125 1315 1189 Antoninum
1340 1124 1506 1190 Melitonis
1527 1124 1724 1207 aliorumque

621 1227 881 1292 Christianorum
902 1228 1085 1291 antistitum
1108 1227 1392 1312 supplicationibus
1414 1234 1607 1311 permotum,
1630 1223 1724 1309 scrip-

621 1327 699 1392 sisse
714 1327 897 1411 Epistulam
918 1327 960 1391 ad
982 1326 1158 1391 Commune
1181 1326 1281 1400 Asiae,
1306 1349 1370 1411 qua
1391 1326 1524 1391 vetabat
1546 1346 1587 1388 ne
1604 1325 1676 1411 quis
1693 1324 1725 1387 in

621 1438 785 1515 posterum
799 1428 998 1493 Christianos
1012 1429 1173 1513 religionis
1187 1451 1254 1493 suae
1269 1451 1367 1494 causa
1380 1428 1638 1494 calumniaretur.
1662 1426 1724 1493 Ex-

620 1539 689 1598 stat
702 1533 770 1595 haec
786 1531 935 1616 Epistola
949 1554 1046 1616 supra
1061 1532 1094 1595 in
1106 1554 1175 1616 cap.
1197 1551 1244 1615 ¹3·
1259 1531 1355 1617 hujus
1370 1532 1466 1597 libri.·
1481 1532 1532 1596 Ao
1546 1530 1725 1595 laudandus

620 1643 671 1699 est
689 1635 816 1719 quidem
835 1640 949 1697 auctor
971 1634 1053 1697 illius
1068 1634 1237 1710 Chronici3
1259 1634 1376 1719 quippe
1397 1634 1451 1721 qui
1473 1641 1562 1698 reete
1583 1632 1725 1697 animad-

620 1736 763 1813 verterit,
779 1735 956 1819 Epistolam
976 1734 1063 1798 illam
1079 1756 1143 1798 non
1159 1735 1326 1799 Antonino
1344 1735 1415 1811 Pio,
1430 1742 1468 1799 ut
1483 1734 1643 1798 Eusebius
1660 1753 1725 1797 cre·

620 1837 755 1912 diderat,
782 1838 838 1901 sed
865 1838 980 1901 Marco
1006 1837 1118 1921 potius
1136 1858 1205 1899 esse
1233 1837 1446 1901 tribuendam.
1493 1837 1533 1899 ln
1555 1858 1594 1900 eo
1618 1844 1724 1901 tamen

619 1939 749 2015 fallitur,
767 1939 852 2023 quod
867 1940 1002 2002 eandem
1017 1938 1198 2023 Epistolam
1210 1961 1294 2003 anno
1317 1939 1440 2003 dommo
1461 1937 1661 2023 principatus
1677 1937 1723 1999 M.

620 2040 777 2105 Antonini
798 2040 950 2125 scriptam
972 2062 1041 2104 esse
1063 2041 1268 2106 existimavit.
1317 2041 1445 2126 Scripta
1467 2048 1518 2105 est
1541 2039 1626 2104 enim
1641 2059 1724 2102 auno

620 2142 724 2227 primo
732 2142 801 2225 ejus
811 2142 952 2227 Imperii,
969 2150 1005 2206 ut
1020 2143 1180 2229 colligitur
1194 2164 1234 2207 ex
1248 2165 1332 2207 anno
1348 2161 1398 2227 15.
1415 2140 1607 2206 Tribuniciae
1622 2148 1725 2225 potes

619 2244 698 2309 tetis
712 2244 745 2307 in
754 2245 867 2309 eadem
879 2245 1025 2329 Epistola
1039 2254 1230 2328 praenotato.
1247 2245 1411 2309 Varamos.
1439 2242 1474 2307 Si
1490 2241 1724 2307 eruditissimus

623 2345 770 2410 Valesius
791 2346 1077 2423 animadvertisset,
1095 2347 1281 2412 Armeniaci
1302 2368 1418 2411 nomen
1432 2346 1555 2418 Marco,
1576 2344 1656 2408 dum
1669 2342 1723 2409 cn·-

621 2447 778 2512 bunitiam
787 2456 981 2533 potestatem
993 2472 1042 2513 xv.
1054 2466 1190 2534 gereret,
1200 2450 1384 2514 datumnon
1396 2448 1503 2525 luisse,
1514 2445 1725 2510 intellexisset

621 2561 785 2613 auctorem
800 2549 950 2615 Chronici
964 2550 1174 2616 Alexandrini
1193 2574 1265 2617 eam
1283 2550 1453 2637 epistolam
1469 2569 1554 2613 anno
1578 2568 1638 2612 sno
1657 2546 1727 2611 red·

622 2651 750 2726 didisse,
766 2652 798 2715 in
814 2675 913 2737 eoque
933 2661 1062 2718 tantum
1078 2677 1238 2739 peccasse,
1256 2655 1340 2738 quod
1364 2672 1529 2716 numerum
1551 2648 1726 2714 tribunitiae

622 2756 792 2839 potestatis
822 2778 873 2819 xv.
905 2779 1034 2840 prorsus
1071 2759 1257 2821 mendosum
1295 2754 1474 2819 retinuerit.
1543 2752 1727 2838 Legendum

622 2857 749 2919 videtur
773 2855 811 2919 τὸ
833 2860 932 2937 τρίτου
959 2861 1006 2921 καὶ
1034 2858 1179 2935 εἰκοστὸν,
1206 2859 1238 2920 id
1265 2867 1327 2932 est,
1353 2855 1530 2921 tribunitia!
1556 2853 1728 2938 potestatis

624 2979 723 3021 xxru.
739 2962 815 3022 Aac.
835 2960 920 3042 Papi
938 2961 1016 3023 orit.
1032 2962 1066 3023 in
1082 2961 1218 3024 Boroaii
1232 2960 1371 3024 Accolet
1390 2960 1431 3022 ad
1452 2980 1503 3022 an.
1524 2975 1594 3041 152.
1614 2957 1729 3021 allatus

622 3083 642 3124 a
658 3061 844 3124 Rrrnruoro.
890 3062 1033 3124 Valesius
1053 3062 1085 3124 in
1099 3062 1273 3125 Emended.
1289 3062 1342 3124 lib.
1360 3061 1403 3124 iii.
1420 3082 1489 3144 cap.
1505 3059 1570 3121 xiii.
1587 3080 1661 3143 pag.
1678 3079 1727 3142 94.

623 3162 732 3226 laudat
763 3163 845 3226 hunc
870 3164 1036 3226 Melitonis
1065 3164 1179 3239 locum,
1211 3164 1243 3225 in
1268 3185 1369 3246 eoque
1392 3162 1527 3225 miratur
1550 3159 1727 3244 elegantem

623 3266 807 3328 Graecorum
829 3266 1021 3349 adpreoandi
1044 3265 1222 3341 formulam,
1242 3264 1334 3329 Ἔστι
1353 3290 1386 3328 re
1408 3265 1456 3327 καὶ
1477 3267 1533 3340 εἴη,
1551 3270 1588 3326 ut
1606 3260 1729 3325 Latinis

623 3378 663 3429 eat
684 3367 752 3444 ribi,
773 3369 890 3452 sitque:
914 3370 998 3452 quod
1021 3368 1144 3452 aliquot
1166 3367 1336 3431 confirmat
1358 3366 1518 3450 exemplis.
1565 3366 1727 3429 Genusus.

625 3470 685 3549 Qui
710 3471 742 3531 in
769 3472 903 3533 Petram
927 3470 1122 3534 Bibliotheca>
1145 3493 1210 3533 suae
1240 3478 1330 3533 tomo
1359 3470 1463 3554 primo
1490 3489 1563 3551 pag.
1581 3470 1643 3547 677
1669 3468 1725 3528 &a

626 3573 791 3635 Melitonis
812 3575 1010 3657 Fragmenta
1029 3582 1103 3659 post
1123 3572 1322 3636 Halloixium
1345 3571 1472 3656 posuit;
1501 3570 1568 3633 haec
1588 3567 1728 3632 Grabius

625 3676 712 3738 haud
728 3676 840 3739 edidit.

669 3779 707 3841 P.
730 3798 796 3857 117.
814 3778 833 3839 l.
850 3801 883 3858 4.
906 3783 958 3856 τῆς
977 3781 1139 3856 βασιλείας
1157 3780 1210 3856 τὴν
1230 3777 1411 3860 σύντροφον]
1435 3780 1470 3861 τῇ
1492 3776 1638 3857 βασιλείᾳ
1660 3775 1729 3836 σύν-

625 3890 739 3961 τροφον
756 3882 921 3966 Christoplr.
946 3882 1079 3944 Srnoru.

670 3984 751 4047 lbid.
775 3984 794 4046 l.
811 3985 840 4046 6.
864 3983 937 4063 πρὸς
961 3982 1091 4067 ἀγαθοῦ]
1117 3979 1174 4061 πρὸ
1201 3983 1251 4061 ἀγ.
1278 3980 1323 4043 ecl.
1345 3979 1451 4063 Sept.
1485 3977 1597 4039 Lectio
1620 3982 1729 4039 nostra

625 4095 725 4150 extat¹
739 4087 771 4148 in
789 4086 958 4170 Chrielopl.
976 4085 1103 4169 Nicepb.
1120 4085 1167 4147 cd.
1195 4083 1316 4146 Valerii.
1352 4081 1468 4143 Verbis
1492 4079 1594 4156 ἦνκαὶ
1615 4081 1644 4141 οἱ
1659 4079 1729 4158 πρό-

625 4192 712 4269 γονοί
728 4214 783 4251 σου
795 4191 849 4250 &a
866 4188 1025 4271 designari
1041 4186 1160 4249 Tiberii
1175 4185 1341 4248 consilium
1353 4183 1384 4245 in
1398 4181 1527 4246 Christo
1543 4181 1629 4243 inter
1645 4179 1730 4242 Deos

624 4293 798 4367 referendo,
824 4300 881 4354 aut
904 4291 1023 4374 templa
1046 4313 1085 4353 ex
1110 4289 1245 4351 Adriani
1271 4286 1423 4349 instituto
1447 4285 1514 4348 sine
1541 4283 1729 4368 imaginibus

624 4395 779 4458 collocata
803 4393 930 4476 conjicit
958 4392 1012 4453 W.
1036 4391 1212 4454 Lowtlrius.
1259 4389 1341 4451 lllud
1373 4388 1450 4450 mihi
1481 4387 1609 4470 quidem
1640 4406 1725 4450 vero-

625 4496 763 4560 similius.
789 4499 923 4558 Sruoru.
971 4494 1029 4557 Ait
1048 4493 1245 4556 llloslreruius
1265 4493 1295 4554 iu
1315 4492 1441 4555 Disserl.
1461 4490 1508 4552 Ila
1525 4489 1638 4553 Studio
1654 4488 1726 4552 Etl-
