4359 5150
624 466 674 531 IN
697 466 840 533 EPIST.
866 469 1083 534 VIENNEN.
1109 470 1167 533 ET
1196 469 1460 578 LUQDUNEN‚
1533 470 1593 537 371

491 635 586 699 uibus
602 636 822 703 ecelesiasticis
835 638 970 724 negotiis
984 638 1095 724 primae
1116 646 1223 703 essent
1243 646 1352 723 partes
1374 636 1512 722 episcopi
1529 639 1594 700 Ro·

490 738 589 815 mani,
605 739 720 804 merito
737 740 963 826 Lugdunenses
982 742 1065 805 hano
1084 741 1331 807 controversiam
1350 741 1391 806 ad
1412 743 1594 806 eum'detu-

491 840 615 905 lerunt:
632 840 665 905 id
676 849 809 927 agentes
823 850 856 908 et
871 844 1017 908 omnibus
1031 844 1133 907 modis
1145 846 1319 920 studentes,
1329 850 1366 908 ut
1381 843 1518 929 episcopi
1530 844 1593 907 Ro

491 942 578 1006 mani
593 943 786 1009 auctoritate
801 966 872 1031 quae
887 967 1012 1030 semper
1022 966 1146 1009 summa
1156 945 1217 1010 luit
1228 946 1260 1009 in
1273 943 1413 1021 eoolesia,
1426 945 1494 1008 haeo
1505 947 1591 1031 apud

493 1043 605 1108 Asiam
619 1052 693 1110 orta
707 1045 861 1110 dissensio
875 1048 1052 1123 sedaretur,
1068 1054 1102 1111 et
1122 1069 1185 1131 pax
1205 1048 1238 1111 in
1256 1046 1388 1111 eeclesia
1408 1047 1591 1111 restituere-

491 1154 556 1210 tur.
573 1146 732 1211 Vannius
766 1148 918 1213 Cometes
939 1148 980 1212 de
1004 1148 1055 1212 his
1072 1148 1168 1212 rebus
1188 1148 1411 1213 Constantium
1431 1170 1529 1233 supra
1550 1150 1591 1213 ud

491 1247 644 1313 Manum.
658 1248 759 1313 Lucu.
776 1251 880 1315 Emer.
896 1272 968 1336 pag.
986 1251 1058 1334 289.
1104 1250 1210 1315 Aliter
1224 1250 1263 1314 de
1278 1250 1316 1313 iis
1336 1251 1475 1315 sentiens
1496 1273 1593 1335 quam

491 1350 647 1427 Valesius,
662 1351 700 1415 ol.
716 1352 870 1417 Gottlieb.
888 1352 1128 1417 Wernsdorlius
1147 1352 1180 1416 in
1194 1353 1323 1417 Dium,
1343 1352 1381 1415 de
1396 1353 1593 1417 Montanistis

491 1451 622 1516 Eusebii
642 1453 739 1518 verbe
760 1454 895 1519 eontulit
915 1475 987 1518 oum
1009 1454 1151 1538 ejusdem
1173 1454 1337 1538 scriptoris
1360 1454 1486 1538 quidem
1509 1455 1590 1528 aliis,

489 1555 522 1617 in
543 1553 658 1640 qmbus
671 1556 787 1620 Irenaei
799 1556 953 1640 judicium
968 1558 1008 1621 de
1023 1556 1166 1621 Victoris
1186 1579 1258 1620 cum
1278 1557 1446 1642 Polyorate
1461 1557 1591 1623 dissidio

489 1656 646 1731 refertum
675 1664 695 1694 “
708 1655 1047 1740 Ἀντιπαρακελεύονται
1071 1656 1191 1744 (inquit
1219 1658 1389 1740 Eusebius)
1418 1662 1490 1737 birra
1512 1658 1591 1744 αὐτῷ

489 1768 510 1797 “
525 1757 682 1844 (Victori)
697 1762 735 1822 sd
748 1763 800 1837 τῆς
817 1758 931 1840 εἰρήνης
951 1760 999 1823 καὶ
1018 1764 1069 1838 τῆς
1083 1760 1158 1841 πρὸς
1176 1760 1243 1827 τοὺς
1257 1760 1389 1838 πλησίον
1405 1762 1541 1827 {osrede
1556 1786 1590 1825 τε

489 1866 512 1897 “
530 1860 579 1922 καὶ
590 1857 706 1940 ἀγάπης
717 1865 850 1941 φρονεῖν.
867 1882 895 1924 ν.
904 1880 953 1938 24.
978 1859 1119 1924 Irenaeus
1129 1860 1267 1925 Victoris
1281 1860 1473 1924 sententiam
1483 1860 1522 1924 de
1538 1860 1590 1924 die

488 1958 691 2043 “paschatis
715 1958 844 2021 omnino
867 1958 1035 2044 probabat,
1056 1960 1235 2045 Polycratis
1260 1967 1368 2023 nutem
1389 1958 1588 2043 repudiabat,

486 2067 636 2125 “tamen
655 2060 811 2124 suadebat
837 2082 957 2145 paoem,
973 2061 993 2124 i.
1011 2084 1040 2126 e.
1055 2070 1093 2127 ut
1118 2062 1186 2147 ipse
1201 2061 1359 2126 Eusebius
1385 2060 1533 2144 explieat,
1549 2083 1589 2126 ne

486 2171 510 2199 ‘⁴
520 2162 679 2227 discordia
687 2170 820 2248 propter
829 2163 1038 2228 dissensiones
1047 2186 1228 2229 communes
1240 2163 1484 2228 disseminantur
1493 2163 1589 2227 sohis·

488 2273 509 2300 ‘⁶
527 2262 669 2348 matique
692 2263 780 2327 loeus
805 2263 918 2327 detur:
947 2263 1070 2329 Eodem
1096 2266 1192 2330 modo
1217 2266 1344 2350 quidem
1370 2266 1474 2341 oredo,
1502 2265 1588 2330 Galli

488 2374 510 2402 “
526 2364 721 2429 oonl'essores
734 2364 947 2449 repudiabant
961 2388 1043 2431 vana
1057 2365 1208 2432 Montani
1234 2367 1364 2446 somnia,
1381 2374 1489 2432 tamen
1518 2390 1589 2433 sna·

486 2476 510 2505 ‘⁴
526 2474 638 2531 serunt
652 2488 762 2531 eorum
772 2468 1007 2533 tolerantiam?
1041 2468 1123 2534 Haeo
1139 2468 1341 2533 Wernsdorl.
1384 2469 1503 2533 Postea
1514 2470 1588 2534 Asi-

485 2591 568 2635 anas
583 2568 731 2634 eeclesias
751 2568 869 2635 habitis
891 2592 986 2656 super
998 2570 1059 2636 hae
1078 2594 1114 2636 re
1131 2570 1273 2657 plurimis
1294 2570 1432 2636 consiliis
1455 2570 1586 2638 Monta-

486 2672 591 2736 nistas
619 2671 838 2736 communione
864 2673 1002 2738 eoelesiae
1031 2675 1188 2759 expulisse
1215 2682 1327 2741 namet
1358 2674 1487 2739 Auaron
1515 2675 1586 2740 ado.

488 2773 703 2861 &daphim
717 2775 802 2860 apud
817 2774 989 2869 Eusebium
1006 2777 1041 2840 L.
1058 2799 1087 2841 v.
1103 2800 1129 2842 o.
1148 2780 1198 2841 16.
