4359 5150
539 440 604 507 ί376
910 440 1263 508 ANNOTATIONES

584 611 669 676 Ibid.
684 613 804 693 καὶγὰρ
826 614 874 676 καὶ
892 614 982 675 πόλιν
1002 613 1133 695 ἔκτισεν]
1157 613 1322 678 Posterius
1343 613 1391 676 καὶ
1407 613 1499 677 deest
1520 612 1554 677 in
1576 610 1637 678 aad.

540 715 679 797 Norsok.
701 714 754 778 ubi
769 713 918 778 scribitur
941 716 1068 781 ἐκτίσας.
1115 714 1207 779 Nunc
1229 714 1322 779 addit
1343 716 1507 781 Burtonus
1529 715 1640 779 cedices

541 817 727 881 omittentes
741 818 816 903 aa.
831 817 937 881 Paris.
953 816 974 880 i.
990 824 1024 881 et
1036 816 1238 881 Florentiam.

587 918 667 982 Ibid.
683 918 704 982 l.
718 939 748 997 4.
765 920 814 981 καὶ
834 918 1000 1003 προφήτας]
1017 917 1231 1003 Hieronymus
1253 918 1287 982 iu
1309 918 1456 1004 catalogo
1476 920 1583 997 vertit,
1598 921 1641 984 ci·

541 1021 718 1105 citctemqac
730 1042 766 1083 aa
779 1020 841 1104 οιίις
854 1020 971 1083 aarum
984 1020 1130 1098 cordidit,
1144 1031 1171 1085 et
1178 1021 1342 1107 prepeltctcs
1355 1023 1462 1086 detail
1476 1023 1511 1086 iu
1526 1023 1640 1108 inspic.

542 1122 676 1186 Rufinus
701 1145 774 1186 vero
799 1123 903 1186 adhuc
927 1121 1037 1186 fusius.
1083 1124 1170 1187 Nam
1195 1133 1221 1188 cl
1246 1124 1395 1188 ciciwtcm
1419 1125 1558 1189 madidis
1580 1126 1642 1209 ejus

542 1225 658 1287 aomlai
676 1224 854 1299 Actiacam,
870 1232 897 1286 et
918 1225 1057 1309 scriplum
1078 1225 1107 1288 αι’
1128 1234 1155 1289 ct
1175 1226 1336 1289 sacerdotes
1358 1225 1490 1289 instituit
1513 1248 1552 1290 cc
1567 1248 1641 1311 pm

536 1327 653 1411 phetes.
699 1327 783 1390 Sane
808 1327 842 1389 iu
866 1327 986 1391 Graecis
1001 1327 1178 1412 Hegesippi
1193 1329 1297 1392 verbis
1321 1328 1440 1412 aliquid
1463 1330 1642 1394 necessario

543 1427 752 1511 supplendum
766 1435 824 1492 est.
864 1426 947 1493 Nam
962 1429 1061 1495 ἔκτισε
1075 1429 1239 1511 προφήτας,
1253 1431 1364 1495 Graeoe
1377 1431 1430 1494 vix
1445 1431 1507 1495 dici
1523 1439 1640 1515 potest.

544 1527 608 1592 Sed
631 1529 810 1594 meminisse
833 1531 993 1609 debemus,
1010 1531 1228 1616 Hegesippum
1251 1532 1386 1618 simplici
1408 1533 1582 1598 admodum
1604 1555 1642 1597 ac

543 1630 666 1714 plebeio
692 1653 839 1695 sermone
864 1631 1011 1708 scribere,
1037 1641 1075 1697 ut
1100 1632 1151 1698 hic
1180 1633 1278 1697 etiam
1307 1641 1447 1698 testatur
1473 1634 1641 1699 Eusebius.

417 1754 421 1757 ·
545 1731 661 1817 ltaque
692 1735 808 1797 Graeca
836 1733 905 1818 ejus
929 1734 1027 1799 verba
1054 1734 1319 1820 interpretatione
1349 1736 1533 1821 adjuvanda
1557 1743 1641 1800 sunt.

544 1834 682 1899 Frustra
695 1835 794 1921 igitur
809 1836 981 1900 Salmasius
997 1837 1166 1903 emendare
1180 1858 1349 1921 aggressus
1369 1845 1419 1902 est
1438 1837 1472 1901 in
1493 1839 1580 1903 notis
1601 1838 1642 1903 ad

543 1936 710 2001 historiam
731 1939 913 2023 Augustam
934 1960 1008 2023 pag.
1025 1959 1079 2016 41.
1124 1938 1191 2001 Ubi
1212 1938 1311 2003 etiam
1334 1939 1463 2022 quinam
1484 1940 1537 2005 hic
1559 1941 1641 2005 dice·

543 2046 656 2103 rentur
680 2039 845 2125 prophetae
871 2060 934 2102 non
956 2038 1123 2103 intellexit.
1174 2037 1344 2103 Sciendum
1366 2047 1416 2104 est
1437 2040 1537 2126 igitur
1557 2041 1642 2126 apud

543 2139 720 2226 AEgyptios
740 2163 898 2205 summum
920 2142 1119 2205 sacerdotem
1141 2140 1194 2225 qui
1216 2141 1345 2225 reliquis
1367 2143 1587 2207 sacerdotibus
1610 2154 1642 2207 et

543 2242 746 2329 pastophoris
771 2249 933 2327 praeesset,
956 2252 990 2307 et
1012 2243 1066 2326 qui
1087 2243 1279 2328 templorum
1300 2242 1423 2307 reditus
1445 2244 1561 2308 ceteris
1582 2244 1644 2308 dis-

544 2345 713 2422 tribuerat,
730 2345 850 2409 dictum
871 2367 940 2410 esse
962 2345 1162 2430 prophetam.
1207 2345 1335 2408 Primus
1360 2345 1444 2409 enim
1468 2346 1500 2408 in
1524 2347 1642 2431 templo

544 2447 737 2531 procedebat
758 2454 879 2525 cantor,
902 2448 1016 2511 deinde
1038 2447 1240 2531 horoscopus,
1263 2454 1332 2511 tum
1356 2447 1462 2511 scriba
1487 2469 1543 2510 seu
1571 2449 1644 2527 lepo-

545 2550 741 2630 γραμματεὺς,
757 2556 870 2634 postea
884 2549 1018 2617 vestitor
1032 2571 1088 2616 seu
1103 2548 1272 2627 οπολιοτής.
1317 2549 1440 2614 Deinde
1458 2549 1644 2614 norissimus

545 2652 713 2715 incedebat
727 2653 885 2735 propheta
900 2652 1044 2736 hydriam
1060 2651 1092 2713 in
1108 2651 1177 2714 sinu
1188 2658 1327 2735 gestans,
1340 2658 1377 2715 ut
1392 2652 1486 2715 docet
1501 2651 1644 2715 Clemens

551 2753 785 2816 Alexandrinus
800 2754 831 2815 iu
845 2754 900 2816 lib.
918 2755 957 2816 vi.
973 2776 1044 2837 pag.
1064 2757 1136 2837 269.
1181 2753 1377 2837 Epiphanius
1392 2754 1424 2815 in
1434 2754 1515 2816 libro
1532 2755 1574 2817 iii.
1592 2754 1644 2816 ad-

546 2878 654 2917 versus
680 2855 826 2927 haercsoa
850 2859 930 2935 παρὰ
953 2859 984 2917 δὲ
1009 2858 1178 2935 Αἰγυπτίοις
1202 2861 1349 2936 προφῆται
1374 2859 1560 2935 καλούμενοι,
1588 2863 1644 2918 τῶν

547 2959 661 3021 ἀδύτων
676 2983 708 3019 τε
721 2959 769 3020 καὶ
785 2959 870 3035 ἱερῶν
882 2959 1017 3037 ὰρχηγοί.
1056 2957 1250 3019 Eorumdem
1266 2958 1493 3041 prophetarum
1502 2958 1644 3021 meminit

547 3060 763 3122 Philostratus
786 3059 817 3120 iu
840 3060 920 3120 libro
942 3058 968 3120 l.
991 3060 1030 3121 dc
1051 3059 1115 3122 vita
1131 3060 1292 3143 Apollonii
1315 3082 1383 3142 cap.
1400 3060 1420 3122 i.
1438 3067 1471 3123 et
1487 3060 1644 3144 Diogenes

547 3160 695 3224 Laertius
710 3161 741 3222 in
757 3161 909 3243 prooemio
925 3160 1028 3243 operis
1043 3161 1101 3223 sui.
1148 3161 1339 3225 Themistius
1354 3161 1386 3222 in
1405 3161 1551 3224 oratione
1568 3181 1596 3225 2.
1613 3170 1644 3224 et

549 3263 705 3325 Firrnicus
721 3262 855 3324 inlibris
871 3262 1057 3325 Matheseos
1072 3285 1136 3325 non
1151 3264 1255 3327 semel.
1300 3264 1443 3327 Clemens
1463 3264 1599 3347 denique
1614 3263 1644 3325 in

546 3365 627 3428 libro
645 3364 670 3426 l.
689 3363 952 3448 Recognitionum
968 3365 1053 3428 haud
1069 3366 1177 3448 procul
1192 3367 1233 3427 ab
1254 3365 1353 3428 initio.
1398 3368 1583 3450 AEcyplanr,
1598 3366 1643 3428 iu·

548 3475 627 3557 quit,
637 3484 751 3557 petam,
767 3483 854 3556 atquc
868 3472 912 3535 ibi
926 3475 964 3535 H
963 3474 1146 3556 icreplccatls
1160 3475 1205 3537 ccl
1213 3474 1366 3558 prophetis
1380 3474 1433 3556 qai
1452 3474 1554 3555 adytis
1562 3497 1645 3558 prcc-

547 3594 625 3657 caat‚
642 3582 756 3645 αιτιιόιις
777 3584 912 3664 ficium
938 3593 964 3644 ct
972 3585 1105 3666 pecccata
1127 3585 1287 3646 incitatum
1307 3605 1426 3667 ιιιαριιιιι
1441 3583 1600 3666 precabor,
1615 3592 1646 3645 al

548 3686 654 3747 educet
670 3685 744 3746 asili
764 3686 901 3746 culinam
919 3685 955 3746 dc
977 3686 1119 3768 inferuis.
1166 3686 1311 3748 Fuerunt
1333 3685 1431 3747 etiam
1455 3684 1534 3747 Idaei
1556 3684 1645 3747 Jovis

548 3788 712 3870 prophetae
736 3788 768 3849 in
794 3789 902 3862 Creta,
918 3788 956 3849 de
972 3788 1085 3871 quibus
1102 3788 1297 3870 Porphyrius
1317 3788 1349 3848 in
1368 3787 1449 3848 libro
1472 3787 1514 3849 iii.
1531 3788 1571 3850 dc
1593 3788 1645 3849 ab·

550 3890 709 3952 stinontia.
749 3891 850 3951 Porro
866 3891 905 3951 dc
920 3889 1085 3972 prophetis
1102 3888 1235 3951 Antinoi
1251 3889 1291 3950 ab
1309 3887 1475 3949 Hadriano
1491 3888 1644 3951 institutis

549 3992 668 4055 mentio
684 4000 732 4053 est
753 3992 783 4053 in
798 3992 896 4053 veteri
917 3991 1119 4075 inscriptione
1141 3992 1254 4053 Graeca
1276 4011 1371 4073 quam
1394 3990 1507 4052 citavit
1531 3991 1645 4054 Caseu-

549 4094 650 4156 bonus
673 4094 705 4155 in
727 4093 811 4155 notis
833 4095 873 4156 ad
898 4094 1115 4177 Spartianum.
1160 4093 1254 4155 Adde
1280 4092 1331 4154 hic
1353 4100 1492 4154 veterem
1518 4092 1645 4177 inscrip

549 4196 669 4259 tionem
692 4218 787 4279 quam
809 4197 906 4258 refert
930 4198 1089 4259 Gruterus
1112 4218 1184 4279 pag.
1202 4215 1275 4278 314.
1298 4194 1351 4256 ubi
1375 4195 1493 4256 Embes
1520 4197 1644 4278 quidam

553 4300 725 4383 AEgyptius
740 4298 891 4378 προφήτης
906 4298 1031 4365 dicitur,
1049 4299 1079 4360 id
1096 4305 1146 4360 est
1161 4297 1306 4359 sacerdos
1327 4298 1497 4379 Serapidis.
1544 4298 1644 4379 Quare

551 4423 613 4462 non
636 4403 749 4463 mirum
776 4409 825 4464 est
850 4401 876 4463 si
901 4402 1063 4465 Antinous
1088 4402 1129 4464 ab
1155 4400 1322 4463 Hadriano
1348 4409 1552 4464 consecratus
1578 4424 1643 4485 pro-

551 4502 663 4587 phetas
685 4503 808 4578 habuit,
824 4505 938 4589 quippo
961 4525 1032 4565 cum
1054 4504 1096 4567 ab
1112 4503 1277 4589 AEgyptiis
1300 4504 1457 4588 praecipue
1480 4506 1642 4568 coloretur.
