4359 5150
626 435 677 515 {32
987 430 1344 499 ANNOTATIONES
1407 471 1414 480 -

624 598 791 687 objeotiol
834 598 946 685 Neque
974 599 1059 664 enim
1082 600 1126 664 ad
1149 599 1356 676 millennium,
1378 600 1435 664 sed
1458 593 1501 664 ad
1530 598 1675 664 diversas
1701 599 1734 665 in

628 701 734 768 ultera
748 700 815 765 vita
828 700 1007 765 mansiones
1020 699 1203 784 probandas
1218 700 1283 764 ista
1302 699 1406 778 affert,
1422 706 1480 764 aut
1499 721 1541 763 ex
1559 700 1734 766 traditione

629 801 890 886 presbyterorum
904 800 1003 864 refert
1017 800 1169 864 Irenaeus.
1214 800 1354 863 (inimus
1367 799 1411 862 ad
1425 799 1592 863 Ινοιιιοιιιιι.

676 901 759 967 Ibid.
773 901 794 965 l.
805 917 839 985 5.
850 901 1030 985 sexaginta]
1050 900 1105 964 Ita
1114 896 1307 964 auctoritate
1321 898 1556 984 evangeliorum
1571 898 1731 977 Matthaei,

623 1020 754 1066 αοοιιοο
777 1000 954 1080 Anastasii,
979 1008 1078 1085 atque
1103 1001 1174 1064 eod.
1197 999 1293 1065 Voss.
1313 997 1405 1085 posui
1426 1021 1485 1083 pro
1506 1000 1728 1085 quadraginta

631 1103 786 1181 Granius,
803 1100 880 1167 illd.

675 1204 760 1267 Ibid.
788 1203 810 1265 l.
839 1221 891 1286 15.
923 1201 1066 1266 Verbum
1094 1202 1166 1287 ejus
1191 1202 1239 1268 ait
1269 1204 1342 1290 dte]
1374 1202 1416 1266 Ni
1444 1199 1548 1281 fallor,
1575 1201 1730 1287 respioere

629 1303 757 1367 videtur
778 1304 922 1367 Irenaeus
943 1304 987 1367 ad
1011 1304 1193 1389 parabolas,
1214 1304 1263 1368 vel
1289 1303 1427 1388 quinque
1453 1303 1661 1380 talentorum,
1682 1303 1729 1367 vel

620 1403 739 1468 deoem
752 1403 929 1479 minarum3
954 1402 1003 1467 sin
1020 1402 1133 1481 minus,
1149 1406 1192 1467 ad
1210 1404 1339 1488 aliquod
1358 1402 1476 1469 Christi
1496 1402 1631 1481 dietum,
1645 1404 1729 1487 quod

628 1526 670 1568 ex
685 1504 960 1588 Presbyterorum,
976 1525 1055 1588 quos
1069 1526 1143 1567 mox
1158 1505 1246 1582 citat,
1257 1504 1430 1568 traditione
1444 1504 1613 1588 aooeperit.
1644 1504 1729 1567 Mis·

625 1625 714 1668 surr.
740 1606 781 1668 In
792 1605 853 1669 hae
864 1605 1039 1688 posteriore
1050 1605 1211 1669 sententio
1223 1605 1389 1669 Mansuete
1403 1602 1542 1669 Grabius
1551 1605 1728 1689 praeiverat

628 1706 717 1771 haud
739 1707 875 1790 probato
898 1707 1125 1784 Feuardentio,
1144 1706 1199 1790 qui
1220 1707 1302 1770 Mat.
1317 1728 1370 1768 xx.
1388 1723 1438 1790 νη.
1454 1712 1488 1769 et
1506 1703 1727 1781 verisimiliter,

628 1806 663 1871 ui
685 1806 787 1885 fallor,
813 1807 941 1871 dixerat
968 1808 1125 1891 spectari3
1163 1807 1232 1870 loeo
1257 1806 1311 1869 illo
1333 1806 1379 1870 sio
1402 1828 1436 1869 se
1460 1805 1609 1884 habente,
1636 1804 1671 1868 vd
1695 1806 1728 1869 di
1775 1887 1778 1892 ,

630 1907 752 1970 καθίσαι
766 1908 799 1969 ἐκ
813 1907 917 1983 ὃεξίων
930 1930 987 1985 μου
1003 1908 1051 1969 καὶ
1066 1909 1098 1984 ἐξ
1114 1906 1269 1985 εὐωνύμων
1282 1932 1349 1986 μου.
1365 1906 1418 1970 οὐκ
1433 1906 1516 1971 ἔστιν
1530 1905 1604 1985 ἐμὸν
1618 1910 1729 1982 δοῦναι,

620 2005 703 2071 ’ἄλλ’
717 2006 761 2073 οἷς
774 2007 950 2085 ἡτοίμασται
963 2006 1021 2069 ὑπὸ
1034 2012 1086 2068 τοῦ
1098 2009 1207 2086 πατρός
1215 2032 1282 2086 μου.
1309 2007 1360 2070 De
1371 2006 1485 2091 quibus
1493 2007 1543 2070 ito
1553 2006 1727 2090 Origene&

628 2106 820 2186 ἢπηλικαθιη
836 2108 931 2185 δωρεᾶ
943 2104 1029 2188 χάρις
1044 2105 1110 2168 ἐστὶ
1124 2110 1177 2169 τοῦ
1191 2106 1239 2170 ἐπὶ
1252 2112 1328 2170 πᾶσι
1346 2110 1438 2179 Θεοῦ,
1455 2104 1660 2185 σνμπνίονκος
1682 2105 1730 2169 καὶ

629 2210 845 2287 συνεργοῦντος
860 2207 908 2268 καὶ
923 2206 1071 2285 ίθρνόντος
1091 2207 1126 2269 ἐν
1146 2210 1182 2291 τῇ
1205 2208 1323 2291 ποιαθιη
1343 2206 1474 2291 ὑπεροχῇ
1488 2205 1540 2271 ets
1560 2204 1643 2269 οἶδεν
1665 2206 1728 2268 dne·

622 2306 771 2383 -ιηδιίοος,
817 2305 928 2369 Oomm.
948 2304 983 2367 ia
1004 2305 1087 2369 Mat.
1108 2305 1170 2369 xvi.
1190 2327 1223 2390 p.
1243 2325 1280 2386 4ι
1286 2321 1316 2389 5.
1334 2306 1383 2370 ed.
1400 2305 1524 2381 Huetii,
1538 2327 1570 2390 p.
1587 2302 1662 2389 717.
1677 2306 1726 2369 ed.

629 2403 802 2469 Delaman.
1369 2424 1371 2428 ⁴

673 2503 712 2566 Ρ.
740 2523 788 2567 ιι.
815 2503 836 2567 1.
862 2524 914 2571 21.
937 2505 980 2569 ad
1008 2506 1137 2592 Filium]
1161 2506 1284 2570 Deerat
1308 2506 1491 2592 praepositio
1516 2505 1562 2570 od
1582 2505 1618 2569 in
1642 2504 1727 2571 editt.

630 2605 754 2681 Irenaei,
769 2605 825 2668 sed
849 2606 972 2670 Grabio
992 2614 1152 2681 monente,
1168 2608 1214 2672 ad
1226 2607 1343 2671 Filium
1364 2609 1531 2693 legendum
1553 2615 1615 2685 est,
1635 2607 1728 2672 sicuti

629 2725 705 2766 mox
720 2704 872 2786 sequitur,
889 2707 935 2768 od
946 2708 1083 2771 Patrem.

674 2802 759 2865 Ibid.
781 2802 801 2866 l.
827 2821 877 2883 24.
900 2808 1010 2898 omues]
1034 2807 1239 2872 Auctoritate
1270 2809 1345 2872 cod.
1367 2805 1448 2872 Voss.
1471 2813 1505 2871 et
1526 2807 1626 2891 ipsine
1647 2806 1728 2871 saori

616 2907 739 2964 textus
753 2922 849 2966 omnes
863 2905 981 2969 addidi.
1027 2908 1175 2984 (ἔπαινος,
1191 2907 1266 2971 ibid.

674 3000 757 3065 Ibid.
774 3002 794 3066 l.
811 3007 862 3070 26.
880 3005 1093 3091 obliviscetur]
1113 3007 1317 3071 Obliviseitur
1336 3008 1368 3071 in
1382 3007 1456 3072 MS.
1481 3009 1559 3073 Voss.
1576 3008 1728 3083 (inustos,

629 3099 750 3164 ididem.

671 3201 710 3264 P.
728 3219 778 3268 12.
794 3202 815 3266 l.
831 3205 862 3268 8.
877 3207 925 3269 καὶ
938 3212 1032 3270 ταῦτα
1046 3206 1070 3270 δ’
1082 3206 1153 3287 ἡμῖν
1168 3209 1220 3270 οὐκ
1235 3210 1276 3275 εἰς
1289 3207 1323 3270 πθ
1338 3209 1489 3290 ἄχρηστον
1504 3208 1645 3292 είρήσθω]
1664 3208 1729 3272 Hie

626 3321 755 3365 monere
763 3303 889 3368 videtur
899 3305 1220 3391 Eusebiusoportere
1229 3329 1288 3371 nos
1296 3308 1584 3386 meminisse,sateri
1591 3309 1728 3394 Papiam

626 3421 661 3464 se
675 3423 733 3464 suo
747 3402 854 3467 omnia
868 3404 909 3468 ab
925 3407 1143 3489 apostolorum
1158 3406 1330 3492 discipulis,
1341 3429 1405 3471 non
1415 3408 1456 3472 ab
1470 3408 1548 3494 ipsis
1562 3409 1726 3493 apostolis,

625 3500 793 3585 aooepisse.
838 3502 887 3566 At
910 3505 1062 3584 conferas,
1085 3529 1156 3590 quae
1180 3529 1276 3592 supra
1300 3509 1343 3570 ad
1365 3510 1595 3593 Fragmentum
1621 3531 1649 3573 1.
1671 3508 1728 3574 ad·

626 3604 742 3661 notata
756 3599 830 3662 sint.

670 3696 754 3761 Ibid.
777 3697 798 3760 l.
821 3719 869 3779 14.
904 3700 1039 3783 διήγησιν
1066 3707 1285 3787 παρειληφέναι
1308 3708 1479 3786 θαυμασίαν
1505 3708 1563 3772 ὑπὸ
1588 3716 1649 3774 τῶν
1673 3714 1728 3774 τοῦ

625 3799 778 3861 Φιλίππου
798 3799 981 3881 θυγατέρων]
1021 3804 1133 3870 Habet
1157 3807 1215 3870 ἀπὸ
1236 3829 1294 3891 pro
1316 3809 1374 3871 ὖπθ
1396 3806 1469 3873 Οοιθ.
1489 3811 1563 3873 MS.
1583 3812 1725 3894 Norfhle.

625 3896 690 3959 Sed
712 3896 856 3961 similiter
876 3900 987 3964 scribit
1011 3904 1152 3968 Irenaeus
1170 3907 1256 3988 apud
1272 3906 1390 3970 Euseb.
1406 3908 1461 3972 lib.
1476 3908 1516 3973 iv.
1531 3909 1613 3973 Hie.
1631 3933 1659 3973 o.
1675 3931 1725 3992 14.

624 3996 696 4075 μίαν
710 3996 759 4058 καὶ
779 4000 874 4075 μόνην
897 4001 1005 4079 ταύτην
1025 4003 1170 4081 ἀλήθειαν
1196 4007 1320 4083 κηρύξας
1344 4007 1569 4092 (Polyoarpus)
1591 4009 1650 4072 ὑπὸ
1666 4017 1726 4076 τῶν

625 4096 803 4159 θποοτόλων
825 4098 1053 4179 παρειληφέναι,
1078 4124 1111 4186 p.
1129 4107 1201 4166 116.
1227 4105 1314 4183 l.14.
1337 4092 1386 4169 ed.
1403 4108 1557 4194 Reuding.
1603 4110 1726 4175 Itidem

623 4199 782 4277 praestant
802 4198 902 4260 Cotti.
922 4201 1029 4282 Δροσί.
1051 4201 1106 4266 lib.
1120 4203 1153 4266 ii.
1176 4207 1336 4287 ο.51.καὶ
1359 4210 1412 4273 τὰς
1435 4210 1606 4289 ἀνακρίσεις
1628 4213 1727 4276 αὐτῶν

622 4295 773 4372 λαβόντες
798 4299 827 4360 ol
854 4298 1015 4379 ἡγούμενοι
1038 4302 1096 4365 ὑπὸ
1121 4309 1180 4367 τῶν
1204 4308 1429 4387 προσαγόντων,
1449 4308 1584 4391 ,λέγουσι
1608 4315 1650 4397 τῷ
1675 4338 1726 4378 κα·

624 4392 738 4479 κοθργῳ
754 4395 811 4460 to.
840 4408 843 4412 ’
857 4397 993 4462 Interim
1013 4420 1053 4464 ex
1071 4401 1269 4468 insolentiori
1289 4406 1398 4489 phrasi
1415 4409 1552 4474 fortasse
1566 4416 1661 4478 ortus
1675 4421 1726 4480 est
