4359 5150
538 458 607 525 264
917 459 1275 527 ANNOTATIONES

543 632 668 697 tendit:
701 630 796 714 idquc
817 652 858 692 cx
881 629 1027 714 Origenis
1050 630 1254 709 auctoritate,
1278 632 1332 716 qui
1354 633 1387 695 in
1409 633 1463 698 lib.
1481 635 1510 697 1.
1533 644 1644 701 contro

542 734 669 798 Celsum
684 732 803 795 diserte
817 732 849 794 id
864 732 1013 795 affirmat.
1060 732 1125 795 Sed
1140 742 1173 796 et
1187 733 1272 797 idem
1283 735 1438 820 Origenes
1452 736 1486 798 in
1500 743 1643 802 tractatu

543 853 594 913 27.
610 835 643 898 in
660 832 864 908 Matthaeum,
880 832 1070 896 Dositheum
1086 833 1324 899 Samaritarum
1341 837 1539 922 temporibus
1553 840 1641 922 Apo-

541 938 698 1001 stolorum
718 935 834 999 vixisse
856 934 979 1009 scribit,
995 934 1049 1018 qui
1069 957 1104 997 se
1123 935 1286 1000 Christum
1308 958 1377 1000 esse
1395 938 1588 1021 jactaverit:
1612 947 1645 1003 et

542 1049 631 1105 tomo
646 1039 713 1102 xiii.
733 1037 982 1101 Enarratiouum
1001 1037 1034 1099 in
1056 1037 1262 1121 Evangelium
1283 1040 1429 1104 loannis.
1477 1042 1517 1104 ld
1537 1051 1644 1105 autcm

543 1142 685 1206 hausisse
705 1139 832 1203 videtur
850 1139 1004 1222 Origenes
1023 1160 1063 1199 ox
1081 1137 1244 1204 Clemente
1259 1140 1414 1218 Romano,
1430 1142 1484 1226 qui
1499 1142 1534 1205 in
1548 1141 1603 1205 lib.
1613 1142 1644 1205 ii.

544 1241 810 1327 Recognitionum
824 1240 864 1301 de
879 1238 1005 1302 Simone
1021 1238 1121 1322 Mago
1136 1239 1277 1324 loquens,
1293 1243 1340 1306 ita
1354 1243 1475 1307 scribit.
1510 1252 1531 1280 “
1544 1243 1644 1307 luter·

543 1351 565 1382 “
580 1344 665 1407 scoto
685 1341 813 1416 etenim,
830 1340 912 1402 sicut
931 1339 993 1402 scis
1007 1346 1041 1402 et
1055 1339 1133 1422 ipse,
1149 1340 1299 1425 Baptista
1311 1343 1334 1406 J
1337 1365 1448 1419 caune,
1465 1364 1539 1407 cum
1557 1344 1645 1407 Dosi-

545 1454 566 1483 “
580 1446 674 1510 theus
696 1444 853 1507 haereseos
875 1463 940 1503 suae
962 1439 1085 1505 iniisset
1107 1444 1282 1522 exordium,
1298 1466 1369 1508 curn
1384 1445 1519 1529 triginta
1533 1446 1646 1529 princi·

545 1555 566 1584 ‘⁸
580 1546 705 1631 palibus
728 1542 899 1627 discipulis,
921 1550 955 1606 ct
974 1542 1039 1606 ulia
1060 1543 1192 1608 muliere
1216 1566 1286 1629 quae
1308 1546 1400 1610 Luna
1418 1546 1562 1610 vocitata
1584 1557 1644 1610 est.

545 1656 566 1684 “
582 1647 678 1711 Unde
690 1645 779 1710 atilli
793 1644 937 1729 triginta,
951 1644 1041 1727 quasi
1053 1646 1227 1708 secundum
1237 1646 1320 1710 lunae
1331 1669 1460 1711 cursum
1470 1647 1504 1710 in
1516 1669 1646 1711 numero

544 1758 566 1788 “
582 1750 705 1813 dierum
714 1746 811 1832 positi
824 1745 1025 1808 videbantur.
1053 1745 1162 1809 Simon
1173 1747 1224 1810 hic
1237 1748 1328 1811 malae
1341 1756 1378 1812 ut
1389 1748 1529 1812 diximus
1538 1750 1646 1834 glorioe

545 1859 567 1889 “
583 1849 724 1933 cupidus,
735 1847 857 1912 accedit
868 1848 910 1910 ad
923 1847 1131 1911 Dosithcum:
1150 1855 1185 1912 et
1195 1849 1351 1913 simulatis
1361 1850 1522 1927 amicitiis,
1534 1860 1646 1915 exorat

546 1951 663 2015 “utri
684 1950 811 2034 quando
830 1947 944 2032 aliquis
962 1970 1002 2011 ex
1022 1948 1082 2012 illis
1103 1949 1237 2033 triginta
1256 1950 1398 2026 obiisset,
1413 1951 1447 2013 in
1466 1951 1572 2015 locum
1590 1952 1643 2015 dc·

546 2061 566 2090 “
580 2051 681 2116 functi
701 2074 735 2114 se
754 2050 905 2114 continuo
925 2050 1131 2134 subrogaret:
1158 2050 1232 2134 quia
1247 2073 1349 2135 neque
1363 2060 1525 2116 statutum
1540 2074 1645 2116 nume

545 2163 652 2217 “rum
674 2152 827 2216 excedere
848 2151 934 2235 apud
957 2173 1012 2214 cos
1033 2150 1082 2214 las
1104 2160 1186 2228 erat,
1210 2173 1313 2235 neque
1338 2152 1483 2237 ignotum
1508 2153 1645 2238 aliquem

547 2266 567 2294 ‘⁴
582 2258 729 2331 inserere,
744 2261 803 2317 aut
818 2254 958 2316 nondum
971 2254 1150 2337 probatum.
1198 2254 1295 2318 Unde
1309 2263 1343 2319 et
1358 2254 1457 2319 ceteri
1477 2256 1646 2320 studentes

546 2358 669 2443 “digni
689 2358 759 2421 loco
780 2378 819 2419 ac
840 2377 972 2418 numero
994 2355 1072 2427 fieri,
1094 2357 1266 2419 secundum
1289 2363 1385 2420 sectae
1408 2378 1474 2419 suae
1498 2356 1647 2420 instituta

547 2460 708 2544 “placere
729 2478 786 2542 per
805 2455 911 2518 omnia
929 2455 1081 2539 gestiunt,
1098 2478 1161 2539 quo
1180 2456 1283 2541 possit
1302 2458 1518 2541 unusquisque
1537 2480 1577 2521 ex
1599 2457 1646 2521 his

547 2571 569 2602 ‘⁶
584 2560 639 2646 qui
653 2560 741 2623 illum
756 2579 922 2621 numerum
936 2565 1122 2641 sequuntur,
1134 2580 1206 2623 cum
1219 2558 1303 2622 sorte
1317 2558 1432 2642 aliquis
1447 2568 1484 2623 ut
1499 2558 1645 2635 diximus,

548 2679 568 2700 ‘⁴
584 2663 764 2735 decesserit,
782 2661 896 2744 dignus
916 2661 1014 2723 videri
1030 2661 1083 2744 qui
1104 2661 1255 2723 inlocum
1271 2662 1410 2724 defuncti
1426 2662 1578 2727 substitui
1596 2665 1647 2726 de·

548 2781 568 2806 ‘'
582 2772 666 2830 beat.
715 2764 819 2846 Igitur
834 2763 1007 2824 Dosithcus
1027 2762 1169 2844 plurimis
1184 2764 1225 2826 ab
1240 2763 1300 2825 hoc
1315 2774 1476 2840 exoratus,
1492 2765 1546 2827 ubi
1562 2765 1646 2828 locus

546 2879 568 2908 ‘⁴
585 2870 671 2932 intra
697 2885 861 2927 numerum
885 2864 989 2925 sactus
1009 2872 1068 2935 est,
1092 2863 1271 2926 introduxit
1296 2864 1465 2927 Simonem.
1511 2866 1573 2927 Sod
1598 2867 1646 2928 hio

547 2979 568 3008 “
585 2991 648 3031 non
667 2967 766 3028 multo
786 2974 859 3048 post
880 2963 992 3026 incidit
1007 2963 1038 3024 in
1055 2985 1196 3025 amorem
1216 2963 1354 3027 mulieris
1368 2964 1451 3028 illius
1467 2988 1564 3048 quam
1583 2969 1644 3029 Lu-

548 3082 567 3107 “
582 3093 655 3133 nam
671 3076 794 3139 vocant,
813 3067 888 3128 &cf
933 3066 982 3125 Ex
999 3065 1112 3147 quihus
1132 3073 1223 3148 patet
1240 3066 1430 3128 Dositheum
1449 3067 1561 3128 iisdem
1576 3089 1646 3130 cum

548 3173 675 3235 Simone
691 3168 803 3230 vixisse
818 3167 1024 3250 temporibus.
1070 3167 1119 3227 De
1135 3166 1282 3227 Dosithci
1302 3173 1399 3228 aetute
1421 3166 1502 3228 idern
1523 3189 1646 3251 quoquo

547 3271 645 3334 sentit
661 3268 812 3347 Eulogius
831 3267 1020 3330 l‘atriarcha
1039 3266 1285 3341 Alexandrinus,
1302 3274 1338 3328 ut
1359 3266 1475 3349 legitur
1490 3267 1522 3328 in
1538 3268 1645 3330 biblio

546 3374 641 3436 theca
665 3369 772 3433 l'hotii
796 3391 864 3451 cap.
884 3387 955 3451 230.
1001 3368 1104 3449 Eique
1130 3367 1298 3430 sententiis
1324 3367 1518 3449 suffragatur
1542 3371 1645 3452 Hcgc·

546 3475 654 3556 sippus
674 3472 706 3533 in
721 3471 788 3532 loco
804 3492 896 3553 quom
912 3492 978 3552 prae
993 3469 1139 3530 manibus
1155 3468 1316 3529 habemus.
1342 3467 1508 3530 Vscssrus.
1556 3477 1645 3532 Δοσι-

544 3575 649 3637 θεανοὶ
664 3571 793 3654 Niceph.
810 3572 913 3652 Rufio.
943 3572 994 3631 Dc
1010 3570 1104 3653 hujus
1120 3569 1266 3631 Dosithei
1283 3575 1379 3630 aetatc
1393 3570 1493 3632 critici
1511 3580 1644 3642 certant,

546 3686 580 3739 et
598 3676 700 3738 adhuc
722 3674 781 3734 sub
799 3673 905 3755 judico
924 3672 963 3733 lis
980 3680 1038 3733 est.
1063 3672 1195 3734 Srsorn.
1241 3671 1330 3732 Duos
1346 3671 1459 3733 saltem
1475 3673 1646 3736 Dositheos

545 3778 650 3849 fuisso,
664 3798 760 3837 unum
776 3773 996 3856 antiquiorem,
1009 3773 1158 3845 alterurn,
1170 3772 1223 3854 qui
1235 3781 1307 3855 post
1319 3772 1481 3835 Christum
1492 3773 1644 3847 extiterit,

546 3903 585 3942 cx
601 3885 728 3961 patrum
744 3876 783 3936 dc
800 3874 953 3937 Dositheo
972 3873 1208 3936 narrationibus
1223 3873 1313 3935 multi
1329 3873 1501 3957 scriptores
1517 3876 1646 3958 collcgc·

546 3990 632 4043 runt.
679 3977 831 4040 Conferas
858 3976 933 4038 item
958 3998 1028 4058 quas
1057 3997 1158 4057 nuper
1187 3976 1225 4036 cl.
1250 3975 1375 4037 Florius
1397 3998 1490 4060 pagg.
1506 3980 1645 4062 31—36.

546 4082 681 4144 Dissert.
704 4078 772 4159 jam
795 4084 979 4138 nrcrnoratae
1001 4077 1050 4138 Dc
1072 4076 1235 4158 Hepcsippi
1256 4075 1338 4136 hocce
1360 4076 1555 4158 Frcpnwala
1578 4100 1645 4160 quae

549 4180 701 4244 Bononia·
722 4178 810 4239 cdita
829 4184 890 4246 cst,
913 4177 1072 4238 disseruit.
1120 4177 1212 4237 Nunc
1232 4198 1357 4258 quoquc
1377 4177 1528 4239 statuisse
1550 4178 1646 4240 Eusc-

545 4283 643 4355 binm,
672 4279 864 4340 Dosithcuru
886 4279 1023 4359 aliquem
1052 4278 1288 4339 Samaritanurn
1311 4287 1344 4339 et
1375 4279 1645 4342 PseudoGhristi-

547 4404 654 4459 anum,
663 4383 738 4458 μετὰ
748 4380 814 4444 τοὺς
825 4381 950 4459 χρόνους
964 4384 1012 4440 τοῦ
1024 4382 1158 4457 Σωτῆρος
1167 4376 1323 4452 extitisse,
1333 4378 1530 4462 Fragmenta
1544 4390 1646 4444 osten·

548 4487 630 4549 dunt
654 4480 940 4546 Ouarnsotcrioraco
962 4478 1023 4559 ejice
1044 4478 1079 4540 ic
1100 4479 1227 4553 Lucam,
1245 4499 1315 4559 quoe
1337 4500 1421 4543 anno
1438 4481 1521 4563 1825
1537 4481 1644 4545 Roma
