4359 5150
548 264 613 333 116
871 266 1119 345 RELIQUIAE
1141 266 1319 331 sAcnAE.

547 435 680 541 φοίνιαι
707 442 766 517 καὶ
793 445 867 517 τῶν
894 440 1099 541 ἀλλοτρίων
1125 440 1284 548 ε’ρασταδ,
1312 436 1378 536 τὴν
1405 439 1443 516 ἐκ
1470 443 1544 515 τῶν
1570 442 1645 517 δια-

546 571 741 673 ταγμάτων
758 574 897 677 ἕχοντες
916 572 1095 679 ἀφορμὴν,
1109 579 1272 679 φανερῶς
1290 571 1545 678 ληστρεύονσι,
1565 571 1646 654 νύκ-

546 742 620 810 τωρ
638 709 696 786 καὶ
713 707 916 811 μεθημέραν
935 708 1184 811 διαρπάζοντες
1202 708 1284 793 τοὺς
1293 707 1404 805 μηδὲν
1422 710 1641 791 ἀδικοῦντας.

547 856 596 917 καὶ
609 852 673 934 μεθ’
691 855 777 935 ἔτερα
791 858 876 937 φησί.
936 845 1009 920 Καὶ
1035 848 1064 920 εί
1087 842 1152 941 μὶν
1180 852 1250 921 σοῦ
1277 841 1516 925 κελεύσαντος
1534 850 1645 920 ταῦτα

545 970 748 1073 πράττεται,
761 973 856 1053 ε”στω
875 983 995 1059 καλῶς
1009 975 1205 1078 γινόμενον·
1227 977 1359 1059 δίκαιος
1373 974 1444 1078 γδρ
1457 971 1669 1071 βασιλεὺς,5

546 1107 609 1183 ούκ
639 1104 684 1185 δν
712 1109 839 1192 ἀδίκως
866 1111 1106 1206 βουλεύσαιτο
1136 1112 1291 1189 πώποτε·
1322 1113 1381 1189 καὶ
1409 1110 1508 1208 ἡμεῖς
1536 1108 1646 1207 ἡδέως

546 1240 702 1346 φέρομεν
719 1252 784 1321 τοῦ
801 1244 962 1323 τοιούτου
981 1244 1137 1325 θανάτου
1155 1245 1197 1324 τὸ
1219 1246 1335 1348 γέρας.
1363 1243 1497 1343 ταύτην
1521 1245 1564 1322 δέ
1585 1278 1646 1323 σοι

544 1373 658 1476 μόνην
674 1378 930 1483 προσφέρομεν
947 1381 1081 1478 δέησιν,
1095 1380 1154 1457 ἵνα
1167 1379 1272 1461 αὐτὸς
1289 1377 1463 1482 πρότερον
1480 1376 1646 1479 ἐπιγνοὺς

462 1567 467 1578 ι
544 1508 627 1613 [Qus
645 1514 709 1609 τῆς
725 1510 889 1610 τοιαύτης
908 1515 1126 1619 φιλονεικίας
1151 1512 1312 1617 ἐργάτας,
1332 1513 1472 1595 δικαίως
1494 1515 1645 1614 κρίνειος

545 1644 686 1751 είιῖξιοι
705 1645 935 1725 θανάτουκαὶ
956 1648 1136 1750 τιμωρίας,
1155 1644 1178 1745 ἢ
1204 1648 1384 1749 σωτηρίας
1409 1648 1468 1725 καὶ
1492 1647 1646 1750 ἡσυχίας
1657 1678 1689 1721 ιο

546 1781 649 1859 είσίν.
680 1786 709 1859 εί
728 1779 843 1858 δὲκαὶ
860 1780 960 1882 παρὰ
978 1790 1048 1859 σοῦ
1065 1779 1116 1878 μὴ
1135 1780 1187 1879 εἵη
1210 1781 1233 1879 ἡ
1258 1779 1376 1879 βουλὴ
1402 1784 1492 1880 αὕτη
1518 1784 1578 1859 καὶ
1603 1780 1645 1860 τδ

545 1912 666 1991 καινδν
683 1922 789 1992 τοῦτο
808 1913 999 2015 διάταγμα,
1026 1913 1047 1993 δ
1077 1912 1166 2013 μηδὲ
1189 1913 1281 1994 κατὰ
1297 1915 1494 2018 βαρβάρων
1517 1916 1646 2017 πρέπει

544 2051 737 2146 πολεμίων,
755 2049 853 2128 πολὺ
871 2058 1016 2148 μᾶλλον
1035 2049 1186 2149 δεόμεθά
1204 2050 1349 2156 σου,μή
1367 2056 1534 2158 περιϊδεῖν
1552 2051 1646 2151 ἡμᾶς

545 2187 583 2263 εἰι
600 2182 745 2288 τοιαύτῃ
763 2186 915 2283 δημώδει
934 2187 1125 2291 λεηλασίᾳ.
1157 2199 1270 2264 τούτοις
1284 2198 1367 2264 αὖθις
1382 2198 1518 2279 ἐπιφέρει
1530 2195 1642 2278 λέγων.

414 2367 470 2397 ιι
544 2322 595 2399 Ἡ
615 2318 686 2422 γὰρ
706 2321 782 2398 καθ’
798 2320 891 2417 ἡμᾶς
906 2322 1112 2427 φιλοσοφία
1126 2321 1300 2425 πρότερον
1318 2319 1383 2419 μὲν
1396 2324 1435 2414 ἐν
1444 2318 1645 2424 βαρβαζορξς
1657 2353 1688 2410 ¹5

546 2454 716 2553 ἤκμασεν.
773 2454 1013 2554 ἐπανθήσασα
1041 2453 1078 2535 δὲ
1097 2464 1170 2538 τοῖς
1201 2464 1280 2539 σοῖς
1309 2456 1429 2536 ἔθνεσι
1457 2454 1550 2534 κατὰ
1580 2452 1646 2548 τὴν

547 2591 761 2690 Αύγούστου
779 2600 842 2669 τοῦ
865 2601 934 2670 σοῦ
958 2589 1139 2694 προγόνου
1164 2591 1328 2692 μεγάλην
1350 2589 1476 2694 ἀρχὴν,
1496 2589 1645 2691 ἐγενήῶγ

546 2863 584 2920 tis
612 2863 800 2938 exagitatum.
845 2866 1066 2942 luipudentissi-
1119 2878 1150 2924 et
1164 2867 1256 2924 securi
1270 2866 1373 2944 degere
1384 2874 1560 2922 mereantur.
1591 2862 1645 2921 Sin

547 2943 585 2998 mi
606 2964 729 3018 namque
749 2945 892 3002 delatores
911 2957 940 3002 et
961 2945 1067 3003 aliena.
1122 2968 1188 3005 vero
1203 2946 1276 3004 illud
1291 2944 1441 3003 consilium
1457 2955 1545 3020 atque
1566 2943 1646 3000 edic·

546 3042 609 3079 rum
633 3043 720 3100 opum
744 3026 852 3103 cupidi,
876 3045 912 3082 ex
936 3026 1068 3102 imperia·
1120 3038 1182 3084 tum
1198 3026 1284 3104 plane
1303 3025 1477 3088 inauditum,
1492 3023 1571 3100 quod
1594 3043 1643 3081 ne·
1657 3036 1694 3073 20

545 3101 622 3160 libus
650 3103 752 3160 edictis
777 3105 953 3162 occasionem
980 3106 1067 3172 nacti,
1120 3127 1177 3182 que
1209 3107 1346 3163 adversus
1379 3104 1514 3162 barbaros
1546 3104 1646 3161 hostes

546 3183 639 3258 palam
663 3183 712 3239 diu
736 3199 881 3260 noctuque
902 3196 1068 3260 grassantur
1119 3187 1223 3243 sanciri
1244 3185 1390 3250 decuerat,
1410 3202 1559 3259 nunquam
1580 3204 1597 3240 a
1615 3194 1646 3241 te

547 3263 730 3338 spoliantque
763 3265 893 3321 homines
922 3265 1066 3322 innoxios.
1119 3267 1281 3343 profectum
1315 3276 1368 3332 est,
1398 3265 1581 3321 obsecramus
1616 3274 1645 3320 te

547 3347 587 3408 Et
611 3355 781 3423 paulopost:
814 3345 955 3414 Quodsi,
978 3352 1066 3413 inquit,
1119 3345 1212 3402 multo
1232 3346 1331 3421 magis,
1346 3365 1383 3401 ne
1406 3364 1458 3399 nos
1478 3343 1644 3418 hujusmodi

546 3428 607 3483 hoec
631 3436 683 3481 tuo
705 3427 788 3500 jussu
814 3425 898 3488 liunt,
921 3435 999 3481 recte
1022 3436 1066 3481 at·
1120 3425 1237 3502 publico
1253 3424 1402 3481 latrocinio
1419 3423 1531 3479 diutius
1546 3422 1644 3479 vexari
1657 3435 1692 3492 23

546 3527 603 3583 que
618 3504 719 3562 ordine
734 3506 809 3561 facta
824 3515 919 3559 sunto.
963 3504 1069 3579 Neque
1121 3505 1279 3581 permittas.
1323 3511 1417 3564 Pauci·
1442 3506 1537 3560 deinde
1564 3508 1645 3560 iuter-

546 3587 622 3643 enim
639 3583 699 3640 fieri
715 3596 820 3661 potest,
833 3595 866 3640 ut
877 3584 975 3658 justus
990 3585 1067 3660 prin·
1117 3590 1193 3660 jectis
1206 3588 1263 3642 haec
1276 3587 1423 3658 subjungit.
1466 3581 1537 3635 Haec
1555 3580 1645 3642 enim.

547 3685 615 3741 ceps
626 3663 736 3740 aliquid
745 3683 871 3746 unquam
884 3664 992 3739 injuste
1001 3683 1068 3719 con·
1121 3668 1209 3730 inquit,
1238 3660 1425 3737 philosophiae
1454 3671 1531 3716 secta
1558 3679 1645 3734 quam

547 3745 668 3802 stituat:
709 3756 738 3801 et
767 3763 819 3799 nos
847 3742 947 3800 libenti
973 3744 1069 3798 aniino
1121 3741 1299 3815 profitemur,
1316 3740 1396 3816 prius
1412 3739 1529 3814 quidem
1551 3739 1645 3815 viguit

547 3824 688 3901 ejusmodi
709 3823 809 3879 mortis
828 3826 977 3898 praemium
1000 3822 1069 3878 feri.
1120 3819 1198 3896 apud
1232 3821 1374 3877 barbaros.
1437 3819 1543 3875 Postea
1576 3817 1693 3875 vero30

547 3924 620 3961 mus.
652 3904 751 3960 Unum
768 3901 916 3959 illudate
931 3902 1067 3979 petimus,
1121 3919 1185 3956 eum
1211 3900 1366 3977 provinciis
1393 3899 1508 3975 imperil
1536 3898 1581 3955 tui
1610 3899 1643 3955 il-

547 3996 580 4041 ut
613 4004 678 4041 cum
711 3982 877 4058 hujusmodi
912 3982 1068 4060 pertinacia
1121 3979 1252 4047 luxisset,
1269 3979 1433 4056 principatu
1448 3979 1544 4054 magni
1566 3978 1646 4035 illius

547 4063 683 4141 praeditos
711 4064 841 4119 homines
869 4083 920 4138 per
949 4072 978 4118 te
1007 4062 1068 4138 ipse
1121 4060 1244 4132 Augusti
1264 4059 1314 4134 qui
1334 4078 1410 4114 unus
1431 4077 1468 4114 ex
1488 4058 1645 4133 majoribus

546 4144 627 4222 prius
646 4143 863 4208 examinaveris,
880 4153 943 4198 tum
963 4141 1068 4197 deinde
1119 4141 1179 4196 tuis
1194 4139 1262 4204 fuit,
1275 4140 1402 4195 faustum
1415 4157 1646 4214 prosperumque

547 4245 598 4301 pro
613 4237 664 4280 tua
678 4224 814 4298 aquitate
834 4233 953 4287 statuas,
970 4234 1067 4277 utrum
1120 4219 1240 4297 imperio
1267 4219 1397 4274 Romano
1426 4238 1511 4274 omen
1534 4217 1668 4276 extitit.3

546 4304 689 4382 supplicio
704 4325 736 4361 ae
750 4314 842 4359 morte
854 4302 937 4369 allici,
950 4323 985 4358 au
997 4301 1066 4357 alvi
1122 4300 1168 4355 Ex
1183 4321 1218 4356 eo
1237 4299 1378 4374 siquidem
1399 4309 1532 4374 tempore
1554 4297 1644 4359 maxi.
