4359 5150
571 457 636 520 118
889 454 1128 537 RELIQUIAE
1151 456 1322 526 SACRAE.

571 626 623 712 οἷς
660 628 681 705 ὁ
714 624 780 726 μὲν
809 626 957 710 πάππος
994 661 1065 707 σον
1091 627 1290 730 Ἀδριανὸς,
1326 635 1480 712 πολλοῖς
1510 626 1578 728 μὲν
1612 633 1670 708 καὶ

570 762 711 860 ἄλλοις,
735 765 793 841 καὶ
819 760 1071 869 Φοννδάνῳδέ
1095 769 1147 868 τῷ
1174 760 1367 870 ἀνθυπάτῳ
1394 764 1581 871 ἡγουμένῳ
1608 769 1672 863 τῆς

570 898 701 981 Ἀσίας
718 897 873 1004 γράφον
890 900 1062 1005 φαίνεται·
1091 902 1113 978 ὁ
1139 897 1177 978 δὲ
1200 896 1321 1001 πατήρ
1345 931 1417 977 σου
1442 903 1502 984 καὶ
1525 906 1599 978 σοῦ
1625 899 1672 980 τὰ

571 1031 767 1132 σύμπαντα
792 1035 1006 1116 διοικοῦντος
1029 1054 1098 1127 (for.
1112 1047 1150 1108 τὰ
1168 1044 1267 1109 πάντα
1288 1048 1506 1112 οοδιοικοῦντος
1524 1054 1670 1127 Valerius)

571 1166 678 1271 αὐτῷ,
696 1172 773 1248 ταῖς
790 1162 924 1245 πόλεσι
941 1169 1024 1267 περὶ
1040 1173 1105 1244 τοῦ
1121 1162 1231 1265 μηδὲν
1245 1160 1454 1266 νεωτερίζειν
1471 1168 1553 1266 περὶ
1570 1164 1696 1262 ἠμῦνς

571 1301 744 1407 ἔγραψεν·
774 1303 812 1380 ἐν
836 1300 887 1385 οἷς
912 1304 970 1381 καὶ
993 1300 1085 1404 πρὸς
1104 1298 1362 1403 Λορισσαίονς,
1381 1302 1440 1377 καὶ
1459 1298 1552 1401 πρὸς
1570 1304 1672 1378 Θεσ-

571 1442 775 1518 σαλονικεῖς
798 1439 857 1514 καὶ
873 1437 1096 1534 Ἀθηναίους,
1115 1438 1173 1514 καὶ
1200 1431 1292 1538 πρὸς
1317 1431 1457 1518 πάντας
1468 1432 1670 1533 Ἕλληνας.

571 1568 618 1649 σὲ
634 1566 674 1647 δὲ
691 1572 749 1648 καὶ
767 1577 912 1668 μᾶλλον
929 1575 1010 1675 περὶ
1027 1571 1164 1651 τοῦτον
1182 1568 1248 1669 τὴν
1265 1567 1377 1667 αὐτὴν
1390 1568 1531 1651 ἐκείνως
1544 1566 1673 1672 ἔχοντα

572 1704 734 1806 γνώμην,
766 1709 824 1785 καὶ
855 1705 953 1786 πολύ
982 1742 1024 1809 γε
1051 1703 1397 1812 φιλανθρινιτοτεραν
1423 1705 1483 1782 καὶ
1510 1708 1670 1809 φιλοσο-

573 1839 748 1945 φωτέραν,
777 1841 1002 1940 πεπείσμεθα
1030 1837 1152 1921 πάντα
1179 1834 1363 1941 πράσσειν
1391 1836 1464 1922 ὅσα
1491 1869 1562 1918 σου
1589 1833 1671 1917 δεῦ-
1684 1875 1718 1922 ιο

572 1976 677 2070 μεθα.

573 2217 640 2256 eum
650 2196 715 2255 eliis
724 2197 866 2276 pluribus,
876 2208 939 2256 tum
953 2199 1097 2257 Fundano
1148 2218 1203 2265 ses,
1218 2195 1255 2254 nd
1273 2196 1424 2254 universos
1442 2194 1568 2272 denique
1589 2194 1673 2253 Gra*

573 2276 654 2335 Asin
683 2277 854 2336 Proconsuli
882 2278 981 2337 literas
1006 2278 1097 2337 dedit.
1147 2297 1206 2336 oos.
1248 2276 1293 2335 Te
1307 2296 1386 2341 vero,
1401 2275 1511 2354 quippe
1524 2275 1576 2352 qui
1595 2274 1673 2333 idem

574 2356 664 2415 Pater
677 2376 794 2433 quoque
809 2370 878 2417 tuus
891 2379 950 2436 quo
966 2371 1099 2437 tempore
1148 2357 1227 2435 quod
1248 2355 1291 2413 illi
1312 2355 1349 2413 de
1370 2356 1453 2413 uobis
1473 2356 1594 2422 sentias,
1615 2354 1674 2412 iuro

573 2448 679 2495 cuneta
693 2437 780 2495 simul
794 2458 859 2496 eum
876 2439 939 2517 ipso
959 2438 1098 2496 adminis·
1149 2438 1236 2495 etiam
1252 2436 1337 2513 longe
1350 2434 1508 2493 humanius
1523 2445 1613 2511 atque
1629 2447 1717 2514 sur-15

573 2517 680 2584 trabes,
703 2516 819 2596 scripsit
842 2518 879 2577 od
903 2519 1037 2577 civitates
1061 2537 1099 2577 ne
1149 2517 1293 2596 pientius3
1308 2525 1392 2574 tanto
1404 2512 1675 2593 mugisoonfidimus

574 2608 675 2654 contro
686 2617 738 2654 nos
747 2599 893 2657 tumultus
903 2600 1096 2657 concitarent:
1149 2598 1247 2655 omnia
1271 2616 1333 2656 esse
1361 2596 1508 2656 facturum
1536 2615 1602 2674 quae
1628 2616 1675 2654 ro-

574 2676 744 2733 nominatim
781 2679 817 2735 ad
856 2679 1021 2745 Larissam,
1062 2678 1099 2735 ed
1149 2697 1262 2754 gemus

575 2755 854 2826 Thessalonicenses,
874 2760 911 2816 ud
934 2759 1099 2817 Athenien-

943 2976 1310 3027 ...Q-...-

985 3185 1037 3247 Εο
1051 3184 1149 3247 eodem
1165 3182 1265 3246 Libro.

1687 3256 1726 3294 20

679 3360 687 3384 1
745 3361 754 3385 1
814 3355 823 3385 i
904 3358 913 3384 Ι
1038 3358 1045 3380 ³
1122 3358 1131 3385 Ι
1221 3356 1237 3386 Ἰ
1405 3356 1455 3384 Ἰ

632 3364 713 3437 Ουκ
736 3392 845 3454 εσμεν
871 3363 984 3435 λιθων
1008 3361 1172 3452 ουδεμιαν
1197 3361 1371 3454 αισθησιν
1394 3391 1551 3461 εχοντων
1574 3367 1678 3464 θεριν

576 3496 713 3587 neroni,
744 3491 845 3569 ἀλλὰ
874 3488 985 3588 μόνον
1014 3495 1119 3585 Θεοῦ,
1147 3501 1211 3571 τοῦ
1240 3495 1311 3595 πρὸ
1340 3496 1502 3592 πάντων,
1532 3499 1591 3574 καὶ
1622 3498 1678 3576 ε’πὶ

577 3627 737 3706 πάντων·
781 3628 839 3704 καὶ
880 3627 938 3704 ε’πὶ
983 3645 1093 3718 (forsan
1118 3645 1272 3723 legendum
1298 3632 1361 3727 ἔτι)
1406 3638 1469 3709 τοῦ
1511 3635 1678 3732 Χριστοῦ

578 3763 687 3840 αὐτοῦ
708 3761 810 3842 ὄντος
829 3766 923 3839 Θεοῦ
939 3759 1061 3861 Λόγον
1079 3761 1150 3863 πρὸ
1165 3764 1301 3843 αἰώνων
1320 3766 1430 3863 ε’σμὲν
1446 3767 1675 3866 θρησκευταί.

578 3898 754 3956 Afferuntur
775 3898 836 3954 haec
855 3897 891 3954 ub
912 3899 1040 3955 Auctore
1063 3898 1195 3956 chronici
1215 3900 1381 3965 Parchnlis,
1403 3921 1454 3958 seu
1476 3899 1676 3967 Alexandrini,
1688 3915 1718 3975 25

577 4022 608 4080 p.
626 4019 694 4077 259.
709 4001 755 4058 ed.
774 4002 929 4078 Ducnngii,
946 4021 973 4079 p.
985 4002 1055 4075 483.
1071 4002 1117 4059 ed.
1133 4003 1289 4062 Dindorfii.

893 4165 912 4221 I
913 4174 1056 4242 nterpreie
1071 4166 1160 4224 Petro
1176 4167 1367 4243 Wesselinqio.

620 4293 691 4350 Nou
706 4315 807 4352 sumus
825 4295 952 4352 cultores
972 4295 1102 4374 lepidum
1154 4298 1269 4366 omnin5
1286 4310 1316 4356 et
1327 4310 1467 4376 praeteren
1480 4299 1591 4359 Christi
1607 4301 1678 4376 ejus,

579 4394 664 4432 sensu
679 4375 757 4430 omni
769 4375 940 4443 carentium,
950 4375 1001 4433 sed
1014 4375 1104 4434 solius
1154 4397 1222 4435 vere
1238 4378 1294 4435 Dei
1309 4378 1402 4438 Verbi
1416 4391 1485 4438 ante
1499 4379 1607 4448 neuls,
1619 4379 1677 4440 eul-

579 4453 647 4522 Dei,
669 4455 719 4530 qui
741 4463 809 4512 ante
830 4455 936 4519 omnin,
962 4467 992 4513 et
1016 4476 1104 4534 super
1155 4468 1232 4516 tores
1246 4478 1357 4516 sumus.
1684 4471 1718 4528 30
