4359 5150
565 445 630 511 162
893 442 1139 525 RELIQUIAE
1162 439 1335 507 SAORAE.

564 620 646 699 παρα
659 617 793 704 ardo-pq}
813 620 848 680 ἓν
867 619 969 700 κόσμῳ
988 616 1180 695 ἀδελφότητι,
1195 612 1343 693 πέπομφα
1360 612 1432 690 ὑμῖν
1453 611 1502 675 καὶ
1519 608 1669 673 Κλαυδίου

560 729 777 808 Ἀπολιναρίου
791 732 844 790 τοῦ
858 724 1079 807 μακαρωπότου
1094 723 1259 807 γενομένου
1271 725 1306 786 ἐν
1315 720 1487 803 Ἱεραπόλει
1502 723 1555 800 τῆς
1564 718 1671 783 Ἀσίας

566 840 731 902 ἐπισκόπου
745 837 913 919 γράμματα.

564 1021 693 1083 minatur,
705 1027 825 1073 aversata
843 1027 924 1089 atque
939 1018 1093 1072 abominata
1142 1018 1207 1071 Asia
1224 1017 1367 1088 episcopus
1387 1014 1449 1079 fuit,
1462 1015 1555 1069 literas
1573 1012 1608 1067 ad
1626 1030 1674 1065 ros

566 1099 616 1154 eat,
627 1088 774 1144 beatissimi
790 1088 872 1158 patris
890 1087 996 1142 Claudii
1007 1089 1092 1158 Apol·
1143 1087 1214 1141 misi,

565 1159 657 1215 linaria
676 1159 725 1231 qui
744 1158 952 1228 Hierapolitanae
971 1158 1093 1212 urbisin

936 1384 1299 1426 *-

612 1558 698 1620 otro
712 1558 771 1637 γὰρ
786 1554 937 1621 adurensi
951 1556 1144 1633 παλαιότεροι
1161 1559 1216 1635 (ait
1232 1558 1366 1617 Socrates
1383 1557 1464 1615 Hisl.
1477 1556 1558 1614 Eccl.
1570 1554 1622 1613 lib.
1635 1555 1675 1612 iii.

569 1687 596 1727 e.
613 1682 640 1742 7.
655 1665 828 1725 catholicum
844 1664 881 1723 de
895 1666 991 1722 anima
1008 1665 1136 1722 humana
1154 1684 1171 1721 a
1192 1663 1310 1721 Christo
1330 1673 1481 1740 assumpta
1503 1660 1611 1738 dogma
1631 1680 1675 1717 rc-

569 1771 676 1836 fcrena,
691 1770 769 1847 quod
787 1769 864 1849 apud
883 1770 985 1828 concil.
1001 1767 1232 1826 Alexandrinum
1254 1767 1309 1824 sub
1324 1766 1484 1824 Athanasio
1506 1786 1585 1823 anno
1606 1766 1675 1839 362.

570 1881 771 1940 confirmatum
786 1886 844 1954 eet)
859 1875 927 1954 περὶ
946 1874 1050 1936 τούτου
1071 1874 1168 1953 λόγον
1185 1871 1404 1952 γυμνάσαντες,
1426 1870 1587 1951 ἔγγραφον
1607 1870 1677 1948 ἡμῖν
1689 1882 1784 1922 Η,

571 1986 740 2050 κατέλιπον·
764 1986 884 2067 καὶγὰρ
900 1985 1104 2065 Είρηναῖόςτε
1121 1984 1168 2046 καὶ
1185 1982 1314 2061 Κλήμης,
1332 1984 1625 2045 ΑΠΟΛΙΝΑΡΙΟΣ
1645 2005 1678 2042 τε

571 2099 588 2160 d
608 2094 811 2176 Ἱεραπολίτης
833 2096 888 2158 καί·
905 2097 1065 2175 Σαραπίων
1088 2098 1105 2157 ὁ
1131 2098 1182 2173 τῆς
1206 2096 1240 2157 ἔν
1254 2094 1427 2177 Ἀντιοχείᾳ
1449 2094 1607 2172 προεστὸς
1632 2093 1678 2155 ἐκ·

572 2207 708 2284 κλησίας,
723 2206 863 2288 ἔμψυχον
876 2205 929 2269 τὸν
944 2204 1215 2286 ἔνανθρωπήσαντα
1237 2206 1272 2267 ἑν
1294 2208 1356 2270 τοῖς
1377 2208 1557 2281 πονηθεῖσιν
1580 2203 1679 2268 αὐτοῖς

572 2313 674 2399 λόγοις
688 2316 726 2381 ὥς
740 2317 983 2396 ὁμολογούμενον
997 2316 1097 2382 αὐτοῖς
1112 2315 1291 2397 φάσκουσιν.

974 2479 1131 2554 Ister-prete
1148 2480 1264 2536 Valerio.
1692 2502 1701 2541 ι
1707 2495 1762 2556 5

610 2605 654 2662 lta
665 2607 736 2662 enim
752 2624 846 2662 omnes
865 2607 967 2680 antiqui
984 2608 1031 2691 qui
1045 2608 1096 2663 bac
1147 2607 1277 2678 Serapion
1301 2607 1479 2662 Antiochense
1509 2604 1588 2662 urbis
1612 2604 1679 2676 Epi·

574 2677 608 2732 de
620 2695 648 2730 re
661 2677 839 2747 disputarunt,
852 2695 928 2731 suam
940 2679 1018 2732 nobis
1035 2697 1097 2732 sen·
1147 2697 1254 2748 scopus,
1268 2677 1417 2741 Christum,
1431 2679 1479 2749 qui
1489 2677 1575 2731 homo
1591 2676 1678 2730 iactus

573 2746 684 2801 tendam
703 2748 807 2816 scriptis
831 2748 964 2816 proditam
984 2750 1097 2819 relique·
1147 2758 1196 2811 est,
1216 2748 1305 2801 antima
1324 2748 1470 2817 praeditum
1490 2748 1585 2809 fuisse,
1605 2747 1679 2798 velut

573 2825 647 2870 runt.
686 2816 802 2870 Irenaeus
827 2827 897 2870 certe
915 2828 942 2870 et
963 2818 1097 2881 Clemens,
1148 2836 1204 2871 rem
1228 2819 1366 2871 communi
1390 2819 1514 2871 omnium
1543 2832 1679 2870 consensu

574 2895 601 2939 et
630 2886 791 2954 Apollinaris
820 2887 1046 2956 Hierapolitanos,
1071 2897 1098 2941 et
1147 2897 1281 2957 receptam
1294 2889 1350 2942 suis
1362 2889 1391 2941 in
1402 2888 1479 2941 libris
1491 2895 1627 2941 assuunt.
1692 2895 1776 2943 20

940 3134 1301 3175 ..—-*.---

618 3324 699 3396 Quid
720 3336 818 3407 (inquit
837 3332 1028 3407 Hieronymus,
1041 3337 1130 3407 Epist.
1144 3338 1180 3391 ad
1193 3339 1329 3407 Μορυυοι,
1341 3341 1396 3411 Ερ.
1410 3344 1453 3413 83.
1467 3353 1534 3400 tom.
1546 3348 1583 3403 iv.
1597 3365 1624 3420 p.
1638 3365 1682 3421 54·

577 3427 620 3482 ed.
634 3427 791 3493 Martianaei,
804 3439 935 3499 spectans,
948 3440 979 3484 ut
991 3433 1095 3486 censuit
1105 3431 1202 3487 alicubi
1216 3432 1361 3499 Fabricius,
1374 3435 1409 3489 ad
1417 3437 1577 3508 Apollinarii
1590 3455 1684 3499 contra

578 3525 757 3582 Montanistaa
769 3538 796 3582 et
812 3530 960 3586 Encratitas
981 3535 1089 3603 scripta)
1109 3527 1210 3603 loquar
1231 3527 1268 3586 de
1287 3530 1434 3590 Melitone
1456 3534 1598 3596 Sardcnsi
1619 3541 1681 3618 epi-

577 3641 674 3700 seopo,
698 3625 768 3699 quid
792 3626 828 3684 de
854 3627 1082 3689 Ανοιαινκκιο
1113 3633 1342 3714 Hierapolitanis
1366 3638 1497 3697 ecclesia
1521 3645 1683 3714 sacerdote,

580 3725 780 3806 Dionysioque
802 3731 1018 3792 Corinthiorum
1041 3737 1187 3816 episcopo,
1207 3750 1237 3797 et
1259 3740 1386 3799 'rationo
1403 3754 1434 3801 et
1458 3745 1636 3816 Bardesane,
1654 3762 1744 3821 etz
1766 3782 1786 3817 4

580 3825 692 3885 Irenoeo
720 3831 838 3890 Photini
867 3837 1002 3915 martyria
1033 3860 1207 3907 successore,
1236 3843 1286 3920 qui
1315 3845 1470 3905 haeresium
1499 3851 1682 3929 singularum

579 3948 699 4002 venena,
713 3955 750 3995 ex
770 3939 875 4014 quibus
895 3941 1133 4021 philosophorum
1156 3948 1288 4008 fontibus
1311 3954 1486 4024 emanarint,
1507 3958 1612 4018 multis
1635 3983 1684 4020 ro-

581 4033 740 4099 luminibua
752 4042 951 4118 explicarunt?
