4359 5150
601 447 644 508 ss
973 443 1326 512 ANNOTATIONES

600 622 699 691 λντος,
726 616 756 677 cl
784 615 1023 691 ἓκκλησιαστικοὶ
1050 615 1176 697 πατέρες
1205 616 1345 699 ἐχέγγυος
1372 616 1592 679 mereweda.
1638 614 1700 678 Sed

600 717 736 788 vocasti
758 717 793 777 ἐν
812 717 908 796 ἁγίοις
929 718 1098 790 Βασίλειος,
1116 716 1163 780 καὶ
1185 716 1318 781 omissas
1336 736 1406 779 esse
1424 714 1459 778 in
1478 715 1551 779 cod.
1566 712 1700 781 Barooc.

600 816 699 881 refert
713 816 751 879 cl.
765 814 906 879 Oramer.
934 817 1074 894 Interea,
1086 816 1113 880 si
1122 818 1265 883 Andreoe
1280 817 1485 883 Oaessriemh
1498 816 1588 881 locus
1602 817 1701 902 prior,

600 917 651 981 cui
672 917 781 981 insunt
803 918 900 981 verba
924 916 1044 1001 Papiae,
1060 916 1093 980 in
1117 928 1256 982 mentem
1269 918 1407 983 venisset
1426 918 1462 982 J.
1478 917 1520 983 D.
1537 918 1700 995 michaeli,

600 1019 686 1082 haud
716 1019 894 1082 dubitasset
923 1017 972 1080 vir
1007 1018 1211 1096 clarissimus,
1238 1019 1315 1104 quin
1348 1040 1421 1083 cum
1455 1018 1572 1084 idonea
1603 1041 1701 1084 causa

599 1120 751 1183 Andreas
772 1119 805 1183 in
822 1119 952 1204 Prolcpo
968 1120 1185 1184 ementerii
1206 1120 1255 1183 sui
1276 1119 1612 1204 affinnaret.Pspism
1633 1128 1700 1186 tes'·

600 1220 767 1285 timonium
793 1220 917 1284 dedisse
940 1220 1136 1305 Apocalypsi
1161 1221 1310 1300 Joennis,
1331 1221 1382 1287 cui
1408 1221 1537 1307 quidem
1557 1224 1700 1288 Andreae

601 1320 780 1405 Papianum
801 1342 881 1404 opus
902 1326 971 1383 tam
988 1320 1069 1384 bene
1087 1329 1200 1385 notum
1223 1328 1317 1387 esset.
1362 1322 1444 1387 Vide
1460 1321 1630 1387 Michaelis
1643 1323 1701 1386 Is·

598 1422 725 1486 trudam.
740 1422 879 1485 adNoc.
895 1421 970 1485 Τισὶ.
987 1442 1058 1484 cum
1073 1421 1150 1485 alibi
1168 1428 1239 1486 tum
1253 1444 1322 1508 cap.
1338 1422 1449 1486 xxxiii.
1467 1424 1497 1505 5.
1512 1423 1547 1487 ii.
1564 1442 1595 1490 2.
1609 1433 1645 1489 st
1668 1425 1701 1505 5.

599 1522 641 1586 iv.
668 1524 723 1588 ubi
747 1523 857 1609 Papiae
880 1522 1040 1587 silentium
1064 1523 1104 1586 de
1127 1522 1331 1608 Apocalypsi,
1355 1524 1441 1607 quod
1463 1523 1525 1590 sibi
1544 1523 1699 1609 fingebat,

599 1633 713 1689 contra
726 1625 812 1689 issam
826 1624 957 1689 adducit
974 1623 1150 1687 Michaelis.

643 1725 726 1790 lbid.
745 1726 765 1790 l.
783 1746 834 1806 24
856 1728 1014 1805 Λαβόντες
1034 1728 1088 1792 τὰς
1109 1724 1260 1811 ἀφορρὸς]
1289 1726 1370 1791 Haec
1394 1726 1561 1793 Anastasii
1585 1673 1703 1791 (imos

598 1828 804 1911 proferuntur
817 1828 859 1892 ab
875 1826 1061 1891 Helloixio
1052 1849 1086 1890 m
1101 1826 1330 1892 Notationibus
1344 1830 1387 1893 ad
1406 1830 1467 1894 Vit.
1483 1830 1521 1894 S.
1536 1828 1702 1904 Pantaesi,

598 1950 630 2012 p.
645 1930 719 2013 851.
742 1929 832 1992 Tom.
856 1928 992 1992 Secundi
1012 1929 1084 1991 Vis.
1107 1929 1184 1992 ΡΡ.
1210 1930 1359 1994 Orimtal.
1385 1952 1483 2014 penes
1511 1950 1607 2015 quem
1634 1930 1703 1994 ior·

598 2036 685 2094 tasse
721 2030 832 2094 extitit
866 2031 967 2094 codex
1002 2030 1248 2115 manuscriptus.
1306 2033 1405 2096 Certe
1435 2032 1469 2095 in
1502 2032 1702 2097 bibliotheca

597 2130 755 2195 Bavarica
776 2131 837 2195 hoc
862 2130 1029 2195 Anastasii
1051 2153 1132 2215 opus
1156 2132 1268 2197 Graece
1293 2139 1454 2198 servatum
1476 2140 1537 2211 est,
1559 2133 1702 2200 ustibus

598 2230 750 2294 Gretsero
773 2229 968 2293 Praelatione
988 2229 1031 2292 ad
1052 2229 1220 2294 Anastasii
1233 2230 1400 2314 Hospes,
1416 2236 1450 2293 et
1465 2228 1609 2315 Catalcpe
1628 2229 1702 2292 bib-

596 2331 742 2396 liothecae
760 2331 853 2396 istius
871 2331 957 2416 apud
978 2329 1254 2395 Montsauconium
1269 2330 1412 2395 Billictll.
1427 2329 1697 2395 Bibliottccamm.

598 2432 757 2499 Oaetsrum
771 2433 794 2495 J
797 2454 916 2497 oannes
930 2432 1108 2516 Apostolus
1130 2434 1146 2494 ὁ
1170 2432 1340 2510 ἐπιστήθιος
1361 2437 1492 2513 Χριστοῦ
1511 2453 1533 2496 a
1551 2430 1700 2496 Oedreno

598 2555 724 2620 quoque
734 2534 918 2600 nominatur
926 2533 960 2596 in
971 2532 1141 2597 Historiae.
1155 2534 1315 2619 (lampetii.
1326 2557 1357 2618 p.
1369 2554 1441 2620 203.
1453 2533 1503 2597 ed.
1516 2532 1699 2618 Xylandri;

598 2643 633 2700 et
657 2637 711 2699 diu
735 2644 811 2700 ente
836 2637 919 2698 huuc
945 2635 1231 2718 chronographum,
1257 2635 1504 2715 Apnastssiumve
1525 2634 1698 2714 Sinaitsm

598 2737 696 2800 etiam
723 2737 819 2800 tertio
843 2736 957 2800 saeculo
982 2737 1023 2799 ab
1046 2737 1201 2800 Anatolio
1227 2737 1407 2801 Laodiceno
1436 2737 1481 2800 sic
1511 2736 1616 2800 dictus
1646 2745 1700 2802 est

597 2839 762 2921 apostolus
783 2838 816 2902 in
841 2841 959 2904 Oenone
981 2838 1139 2912 Pasctuli,
1155 2839 1244 2923 cujus
1266 2845 1357 2903 vetus
1378 2838 1535 2921 interpres
1556 2837 1702 2903 Latinus

597 2940 666 3004 haec
688 2940 795 3018 habet,
810 2943 929 3004 «leatus
948 2942 1060 3004 scilicet
1078 2939 1268 3023 occupatiori,
1284 2949 1313 3003 et
1324 2941 1455 3023 pectoris
1469 2939 1597 3002 Domini
1610 2941 1702 3004 incer·

597 3040 707 3105 latore.
724 3043 752 3124 5.
765 3065 795 3104 x.
811 3043 860 3106 ed.
874 3042 1060 3105 Bucherian.
1108 3041 1211 3103 Immo
1226 3047 1259 3104 et
1274 3040 1411 3104 secundo
1426 3039 1563 3104 ecclosiae
1578 3041 1702 3106 saeculo

598 3143 784 3227 Polycrates
799 3143 979 3227 Ephesinus
998 3143 1163 3227 episcopus
1185 3142 1330 3205 similiter
1352 3142 1488 3227 signavit
1509 3142 1593 3206 hunc
1615 3164 1700 3228 apo·

597 3244 723 3322 stolum,
740 3246 784 3308 ἔτι
799 3247 830 3307 δὲ
847 3246 895 3307 καὶ
908 3243 1048 3324 Ἰωάννης
1062 3245 1079 3305 ὁ
1095 3244 1144 3307 ἐπὶ
1158 3243 1193 3306 τὸ
1208 3248 1316 3323 στῆθος
1330 3247 1383 3306 τοῦ
1398 3245 1508 3324 Κυρίου
1522 3244 1699 3323 ἆναπεσῶν,

598 3345 673 3408 Vid.
692 3345 884 3408 Ponrcnms
899 3344 1141 3429 Fragmentum,
1155 3345 1248 3408 infra.

641 3449 678 3510 P.
697 3451 743 3509 16.
759 3447 779 3510 l.
795 3467 826 3525 4.
850 3447 983 3509 Veteres
1004 3467 1080 3530 ergo
1103 3445 1306 3510 ecclesiarum
1323 3444 1398 3529 dec]
1421 3447 1503 3509 Haec
1525 3445 1698 3511 Anastasii

596 3549 694 3612 verba
725 3547 861 3610 adduxit
895 3547 1042 3624 Grabius,
1077 3548 1131 3632 qui
1168 3548 1252 3610 hunc
1288 3547 1487 3631 scriptorem,
1517 3569 1582 3610 una
1620 3552 1699 3612 cu'm

598 3650 761 3733 Stephano
776 3649 905 3712 Gobaro
925 3649 1010 3731 upud
1025 3650 1170 3712 Ptotimn
1193 3656 1226 3713 et
1251 3648 1283 3712 S.
1303 3648 1457 3726 Maximo,
1480 3654 1624 3733 spectare
1646 3651 1700 3715 ait

596 3771 645 3826 ea,
658 3772 728 3832 quae
743 3771 783 3813 ex
799 3749 921 3812 Irenaeo
934 3750 1068 3833 Papiam
1083 3751 1235 3814 laudante
1247 3772 1343 3833 supra
1354 3749 1515 3833 descripta
1529 3757 1603 3813 sunt
1618 3771 1651 3833 p.
1663 3771 1698 3834 9.

597 3851 671 3914 Hoc
686 3850 811 3933 quidem
826 3850 866 3913 de
881 3851 1004 3913 duobus
1023 3851 1132 3914 alteris
1148 3850 1356 3935 scriptoribus
1371 3849 1535 3934 Stephano
1549 3857 1583 3913 ct
1599 3849 1699 3914 Max·

596 3951 659 4014 imo
674 3972 783 4014 verum
798 3957 866 4027 est;
880 3959 914 4014 et
929 3951 992 4015 ista
1006 3952 1174 4016 Anastasii
1188 3952 1230 4016 ad
1245 3950 1425 4015 hexaemeri
1440 3956 1538 4034 atque
1552 3949 1698 4033 paradisi

596 4052 809 4137 expositiones
828 4075 849 4117 a
869 4053 972 4137 Papia
993 4053 1126 4137 aliisque
1147 4052 1348 4138 excogitatas
1364 4051 1534 4135 pertinere,
1550 4052 1699 4117 ostendit

596 4147 664 4220 teni
684 4156 735 4218 hic
755 4155 962 4240 locussquam
980 4155 1067 4239 prior
1086 4155 1138 4219 ille
1158 4154 1298 4240 ejusdem
1318 4153 1482 4238 scriptoris
1497 4153 1608 4217 Graece
1623 4153 1698 4238 jam

596 4257 765 4334 exhibitus,
782 4279 875 4340 quem
892 4256 1032 4320 Grubius
1047 4256 1262 4342 praetermisit.
1306 4257 1329 4317 J
1331 4277 1385 4319 am
1399 4276 1474 4319 vero
1487 4254 1698 4320 scanderes

594 4380 772 4445 pergamus,
790 4380 868 4441 quos
882 4357 965 4422 idem
980 4357 1028 4421 vir
1042 4358 1243 4422 doctissimus
1257 4363 1331 4441 post
1346 4355 1558 4419 Anastasium
1575 4361 1698 4420 testem

595 4461 728 4526 citatum
750 4459 796 4523 sic
817 4458 960 4543 protulit.
1006 4461 1141 4523 “Porro
1161 4459 1343 4544 Stephanus
1365 4458 1512 4537 Gobarus
1532 4457 1700 4525 Tritheita
