4359 5150
596 454 640 515 24
971 449 1322 516 ANNOTATIONES

595 621 777 685 OEoumenii
800 622 1017 685 Oomrmntorio
1039 622 1073 683 ia
1091 622 1170 685 Acta
1189 624 1297 706 Αροου.
1323 621 1525 701 desumptum
1547 640 1622 683 mox
1642 641 1686 683 se-

595 721 712 806 quitur,
729 721 863 807 Papiam
878 721 1065 806 discipulum
1079 721 1104 784 J
1105 722 1216 786 oannis
1229 721 1355 806 apostoli
1368 720 1517 806 appellat.

638 823 869 887 Verumtamen
894 823 954 886 hac
983 822 1016 886 in
1046 843 1081 885 re
1103 842 1166 885 non
1194 843 1321 906 possum
1347 843 1411 885 non
1439 822 1543 885 locum
1568 819 1687 895 afferre,

594 924 648 1008 qui
669 925 755 1009 apud
777 926 935 988 Irenaeum
950 929 1041 987 extat
1060 923 1094 986 in
1113 923 1167 987 lib.
1179 924 1220 987 iv.
1236 945 1262 987 c.
1278 940 1327 1006 27.
1343 923 1387 987 al.
1403 945 1429 987 ο.
1441 939 1494 1007 45.
1519 920 1574 985 ubi
1594 920 1687 984 verba

593 1025 701 1111 aliqua
714 1026 831 1089 veteris
845 1025 1009 1109 cujusdam
1027 1025 1204 1108 presbyteri
1219 1025 1368 1109 anonymi
1387 1024 1435 1088 ite
1454 1024 1639 1101 afferuntur,
1653 1033 1689 1083 ut

593 1135 668 1213 post
683 1129 799 1193 lectam
810 1128 1017 1212 posteriorem
1032 1133 1157 1212 partem
1170 1128 1321 1211 Papianae
1330 1127 1444 1209 ῥήοεος
1454 1148 1535 1210 pene
1546 1126 1690 1189 videatur

595 1230 721 1313 Papias,
738 1229 874 1293 maxime
889 1229 915 1291 si
934 1228 975 1292 ab
997 1227 1136 1290 Eusebio
1152 1228 1301 1292 standum
1322 1228 1374 1306 sit,
1390 1229 1432 1292 ab
1454 1229 1579 1291 Irenaeo
1597 1224 1689 1311 signi·

594 1330 693 1394 ficari.
741 1329 993 1408 Quemadmodum
1013 1328 1131 1404 codici,
1148 1328 1250 1413 inquit
1266 1330 1418 1407 Irenaeus,
1434 1351 1456 1392 ο
1469 1328 1599 1413 quodam
1605 1346 1691 1412 pres·

595 1428 704 1513 ὄρνυον,
718 1430 772 1514 qoi
785 1428 928 1493 audierat
942 1426 980 1491 ob
998 1428 1055 1505 te,
1070 1430 1124 1513 qai
1144 1428 1287 1513 apostolor
1306 1428 1456 1506 υίᾰονουν,
1471 1438 1498 1491 ot
1513 1425 1553 1491 ab
1571 1426 1620 1490 te
1638 1426 1690 1511 qai

593 1531 790 1602 didicerantr
815 1530 848 1592 hi
862 1530 1052 1614 posteriores
1072 1529 1278 1613 proculdubio
1296 1538 1380 1603 sunt,
1397 1532 1426 1592 οἱ
1438 1533 1491 1592 τοῦ
1511 1530 1621 1608 Κυρίου
1634 1550 1686 1605 μα-

595 1632 691 1711 θηταὶ,
714 1631 860 1714 sepositis
879 1630 1043 1714 apostolis.
1089 1630 1262 1713 Presbyter
1275 1651 1350 1693 vero
1369 1630 1441 1706 iste,
1456 1628 1598 1714 quisquis
1616 1636 1688 1692 tan·

595 1733 667 1796 dem
690 1732 741 1795 ille
762 1731 833 1807 fuit,
854 1730 1029 1793 existimari
1049 1730 1150 1813 possit
1171 1730 1333 1813 apostolos
1356 1730 1442 1794 haud
1463 1730 1688 1813 frequentasse.

594 1833 659 1897 Sed
674 1840 782 1896 tamen
803 1832 946 1915 profecto
960 1832 1001 1894 de
1023 1832 1133 1915 Papiae
1156 1832 1346 1919 discipulatu
1367 1832 1445 1895 nihil
1466 1831 1545 1896 certi
1565 1851 1608 1895 ex
1628 1830 1687 1893 hoc

595 1932 712 1997 Irenaei
737 1933 815 2009 loco,
842 1931 896 2015 qui
923 1932 1057 2016 Papiam
1086 1932 1273 1998 nominatim
1301 1933 1377 1998 alibi
1405 1931 1549 2010 adduxit,
1582 1936 1688 2016 potest

594 2034 704 2111 statui,
728 2054 909 2117 quenquam
935 2032 1033 2097 Cario
1055 2032 1087 2094 in
1111 2033 1195 2096 Hirr.
1211 2035 1275 2097 Le.
1300 2040 1378 2097 tom.
1394 2034 1414 2097 i.
1438 2055 1469 2119 p.
1484 2052 1537 2117 49.
1558 2031 1690 2115 aliisque

593 2134 669 2199 viris
683 2135 794 2211 doctis,
810 2134 982 2197 admodum
1001 2134 1165 2217 probabile
1179 2135 1313 2211 videtur,
1329 2136 1508 2220 fragmenta
1527 2132 1572 2197 ibi
1591 2138 1688 2216 atque

594 2235 669 2300 alibi
688 2235 773 2319 apud
790 2233 946 2297 Irenaeum
964 2233 1064 2298 allata
1083 2256 1123 2298 ex
1144 2236 1247 2320 Papia
1266 2237 1455 2320 deprompta
1473 2234 1580 2298 fuisse.
1626 2232 1688 2297 Sed

593 2339 663 2423 ipsa
684 2337 737 2401 illa
759 2343 832 2420 post
854 2335 922 2399 haec
943 2335 1051 2399 affero.
1098 2337 1228 2401 Interea
1253 2337 1306 2401 vix
1326 2338 1449 2414 dubito,
1469 2337 1544 2421 quin
1564 2337 1607 2400 ad
1627 2335 1689 2400 alia

595 2438 741 2523 quaedam
765 2438 862 2500 verba
885 2436 1023 2521 episcopi
1050 2436 1285 2522 Hierapolitani
1312 2438 1504 2522 spectaverit
1529 2435 1688 2501 Eusebius

594 2539 743 2616 scribens,
758 2537 951 2620 Ἀριστίωνος
970 2535 1003 2600 δὲ
1023 2539 1071 2602 καὶ
1089 2544 1142 2602 τοῦ
1161 2539 1366 2620 πρεσβυτέρου
1384 2538 1525 2604 Ἰωάννου
1545 2537 1690 2618 admisces

595 2642 701 2706 ἑαυτὸν
716 2640 791 2720 φησὶ
806 2638 957 2720 γενέσθαι,
974 2639 1034 2701 etsi
1058 2646 1183 2704 statuas
1198 2662 1269 2704 cum
1290 2641 1452 2705 Halloixio
1467 2641 1500 2704 in
1521 2639 1596 2703 Vita
1613 2640 1689 2704 ΡΡ.

597 2740 744 2806 Orimtal.
759 2747 837 2802 tom.
850 2739 870 2802 i.
890 2761 921 2822 p.
933 2742 1006 2823 652.
1023 2740 1158 2824 Papiam
1178 2764 1241 2805 non
1263 2765 1303 2806 ex
1325 2743 1475 2826 professo,
1492 2743 1547 2805 sed
1562 2748 1689 2806 tantum

595 2866 634 2907 ex
650 2841 824 2916 occasione,
839 2840 967 2913 dixisse,
983 2863 1017 2903 se
1032 2841 1166 2904 istorum
1181 2842 1276 2906 fuisse
1295 2844 1484 2915 auditorem,
1501 2849 1559 2906 aut
1572 2843 1689 2926 potius,
1706 2909 1707 2913 ,

593 2951 680 3007 mmet
694 2962 729 3005 ea
748 2942 788 3003 iis
807 2941 959 3003 audivisse
972 2962 1009 3004 cc
1021 2963 1094 3024 qooe
1113 2943 1176 3026 ἱρνο
1191 2943 1344 3025 referebat.
1373 2944 1461 3006 Mea
1471 2942 1554 3006 enim
1566 2951 1690 3007 sentcn-

594 3044 651 3119 tia‚
664 3042 717 3105 vix
732 3047 790 3104 aut
805 3062 845 3104 ne
859 3041 914 3102 vix
929 3040 1056 3123 quidem
1079 3042 1155 3105 illud
1175 3044 1215 3106 de
1231 3044 1340 3128 Papiae
1361 3042 1451 3107 aditu
1470 3042 1512 3105 ad
1526 3042 1550 3105 J
1552 3063 1689 3106 oannem

594 3143 814 3227 presbyterum
839 3148 937 3224 atque
960 3141 1158 3205 Aristionem
1182 3143 1357 3227 collegisset
1383 3143 1441 3206 sibi
1467 3142 1625 3205 Eusebius
1651 3164 1691 3205 ex

593 3244 661 3308 solo
674 3245 735 3308 hoc
755 3241 889 3326 Papiani
904 3241 1008 3326 operis
1027 3244 1191 3326 prooemio,
1207 3245 1332 3308 etiamsi
1350 3244 1473 3320 viderit,
1492 3244 1524 3306 in
1539 3242 1689 3327 praesenti

593 3353 736 3430 tempore
755 3344 817 3406 dici
839 3344 965 3424 λέγουσι
980 3343 1019 3405 de
1042 3345 1176 3406 duorum
1198 3345 1332 3409 istorum
1354 3366 1417 3407 non
1439 3345 1479 3407 de
1501 3351 1690 3407 caeterorum

593 3447 798 3510 sermonibus.
828 3445 923 3507 certe
937 3443 993 3519 eit,
1011 3445 1147 3528 Papiam
1160 3466 1358 3529 saepcaoanero
1370 3446 1450 3508 duos
1464 3445 1559 3507 hosce
1568 3442 1690 3508 Christi

593 3546 763 3630 discipulos
777 3545 809 3606 in
825 3543 950 3628 seriptis
964 3545 1135 3609 adduxisse
1153 3546 1227 3609 suis.
1272 3546 1411 3609 Tantum
1430 3551 1562 3629 propter
1577 3545 1692 3608 Grabii

593 3647 691 3710 verba
706 3645 780 3708 olim
796 3644 870 3706 dixi.
901 3646 996 3706 Nunc
1015 3645 1110 3718 addo,
1128 3667 1190 3729 quo
1208 3647 1326 3709 rectius
1342 3652 1521 3730 exponetur
1536 3647 1691 3721 Irenaeus

594 3768 679 3830 saepe
701 3745 860 3830 appellare
884 3766 955 3807 eum
973 3746 1099 3809 nomine
1119 3747 1263 3830 discipuli
1281 3747 1409 3810 Domini
1431 3746 1611 3831 apostolum
1633 3748 1692 3809 Jo-

593 3869 720 3923 annem,
736 3853 773 3910 ut
788 3845 922 3929 exempli
936 3846 1042 3928 gratia
1060 3847 1094 3908 in
1108 3846 1162 3910 lib.
1178 3847 1198 3910 i.
1214 3869 1284 3931 cap.
1298 3848 1329 3910 8.

637 3947 700 4011 Sed
729 3946 797 4011 haec
822 3946 995 4020 hactenus;
1030 3948 1115 4029 quod
1140 3947 1259 4010 attinet
1287 3947 1329 4010 ad
1358 3955 1475 4010 caetera
1503 3947 1692 4012 Eusebiana

592 4047 683 4111 initio
696 4047 791 4131 hujus
805 4055 890 4111 notae
905 4047 1012 4124 allata,
1028 4048 1267 4111 memorandum
1281 4047 1333 4111 hic
1344 4054 1405 4122 est,
1416 4042 1586 4110 historiam
1601 4047 1691 4112 illam

591 4149 631 4211 de
645 4149 768 4211 duobus
782 4147 955 4232 sepulchris
971 4146 995 4209 J
997 4147 1108 4210 oannis
1122 4147 1247 4210 nomine
1265 4146 1423 4231 insignitis
1443 4170 1464 4210 a
1478 4167 1594 4230 magno
1611 4145 1690 4211 Dio·

590 4249 680 4333 nysio
696 4248 914 4312 Alexandrino
935 4248 1083 4332 episcopo
1102 4253 1267 4331 acceptam
1286 4248 1396 4325 videri,
1412 4248 1466 4332 qui
1486 4248 1518 4310 in
1536 4248 1691 4332 opusculo

592 4373 650 4414 suo
665 4351 716 4413 De
727 4347 979 4435 procationibus,
996 4347 1037 4411 ab
1053 4346 1192 4410 Eusebio
1203 4347 1256 4409 lib.
1269 4348 1318 4411 vii.
1331 4348 1412 4412 Hor.
1426 4370 1454 4412 c.
1469 4368 1487 4412 2
1488 4363 1520 4431 5.
1536 4348 1691 4427 adducto,
