4359 5150
595 432 660 499 164
968 432 1322 498 ANNOTATICNES

594 607 675 663 eum,
691 587 781 671 cujus
796 585 905 671 scripti
920 585 1114 650 mentionem
1129 586 1248 651 fecerat
1261 586 1418 651 Eusebius
1429 607 1521 671 capp.
1535 588 1587 663 26,
1600 591 1634 650 et
1645 600 1692 668 ιγ.

594 688 695 775 ejusd.
710 689 763 752 lib.
780 688 818 752 iv.
834 687 971 753 fortasse
985 688 1156 775 desumpta
1171 695 1255 753 sunt.

639 790 721 854 Ibid.
738 789 900 868 δεδήλωται
916 791 949 853 δὲ
962 790 1009 852 καὶ
1023 789 1097 869 πρὸς
1110 794 1169 852 τῶν
1179 788 1344 873 ἡμετέρων]
1359 789 1413 853 Ad
1431 789 1492 852 hoc
1510 787 1695 852 miraculum

593 890 707 955 alludit
737 890 924 976 Cyprianus,
954 912 1026 953 cum
1054 890 1101 954 ait
1131 890 1163 953 in
1193 890 1350 954 Tractatu
1379 891 1421 954 ed
1447 889 1695 966 Demetriadem,

597 992 783 1057 Christianos
794 1014 854 1077 pro
868 992 1008 1054 arcendis
1020 989 1151 1055 lectites
1164 1002 1191 1055 et
1205 990 1350 1055 imbribus
1369 992 1571 1077 inpetriendis
1592 1012 1698 1076 repere

593 1104 621 1158 et
637 1116 741 1180 preces
753 1093 897 1176 saedere.
943 1094 981 1157 P.
1001 1112 1071 1177 193.
1093 1094 1143 1157 ed.
1161 1092 1264 1158 Oxou.
1290 1093 1343 1156 W.
1367 1094 1496 1158 Lowrn.
1519 1093 1552 1155 in
1574 1091 1699 1157 Eecebie'

595 1196 644 1260 ed.
665 1195 820 1280 Reading.
865 1195 962 1258 Adde
985 1193 1138 1279 Cypriani
1162 1194 1351 1278 magistrum
1375 1194 1618 1270 Tertullianum,
1644 1192 1698 1278 qui

596 1318 665 1361 rem
687 1295 796 1380 tetigit
820 1317 883 1358 non
907 1304 1035 1360 tantum
1057 1296 1090 1359 in
1109 1295 1263 1383 Apebpet.
1279 1317 1347 1380 cap.
1368 1313 1399 1381 5.
1415 1302 1449 1360 et
1467 1295 1513 1358 ad
1533 1294 1701 1380 Βοαριιὶαιιι

597 1419 625 1461 c.
641 1417 673 1475 4.
700 1397 756 1460 sed
778 1396 876 1461 etiam
897 1396 931 1461 in
953 1398 1129 1483 posteriore
1153 1406 1247 1482 parte
1273 1396 1369 1460 libelli
1393 1396 1442 1460 sui
1465 1396 1517 1460 De
1541 1396 1698 1471 Οιιαιίοιιι,

596 1520 694 1584 quam
729 1498 857 1583 quidem
891 1521 931 1563 ex
966 1499 1075 1563 codice
1105 1498 1317 1563 Ambrosiano
1346 1497 1550 1583 desumptam
1584 1496 1700 1561 saeculo

597 1609 735 1668 exeunte
749 1600 873 1665 decimo
890 1601 1027 1686 septimo
1048 1600 1184 1686 primum
1205 1601 1306 1665 edidit
1325 1600 1363 1665 cl.
1385 1598 1597 1665 Muratorius.
1623 1597 1700 1662 Vid.

432 1763 435 1766 .
503 1745 507 1786 3
597 1724 667 1787 cap.
692 1702 749 1767 ult.
775 1703 823 1768 ed.
841 1702 994 1768 Halensis
1019 1701 1205 1768 Tertulliani
1225 1709 1258 1767 et
1282 1703 1388 1789 Οριιια
1412 1700 1700 1777 Εσσὶιτίατίίοοτιιιιι,

598 1806 659 1870 vol.
678 1805 698 1868 i.

644 1906 729 1970 Ibid.
752 1905 771 1969 l.
797 1926 845 1991 13.
870 1907 999 1970 τέθειται
1022 1908 1079 1986 μὲν
1101 1908 1136 1969 τὸ
1158 1903 1339 1992 παράδοξον]
1362 1904 1510 1971 Gentiles
1529 1904 1703 1990 scriptores

600 2008 655 2093 qui
685 2008 781 2094 hujus
809 2009 855 2072 rei
884 2008 1109 2084 meminerunt,
1135 2008 1190 2073 alii
1221 2008 1360 2093 quidem,
1393 2028 1560 2094 magorum
1593 2006 1701 2070 incan-

598 2109 776 2175 tationibus
791 2109 930 2194 pluviam
948 2110 1153 2195 impetratam
1175 2132 1244 2175 esse
1267 2109 1435 2174 dixerunt:
1458 2109 1513 2174 alii
1532 2130 1608 2172 vero
1630 2128 1701 2192 pre·

599 2211 689 2276 cibus
706 2214 790 2298 Imp.
809 2213 924 2276 Marci.
969 2214 1026 2278 Ita
1045 2212 1243 2299 Capitolinus
1264 2211 1297 2277 in
1313 2212 1437 2287 Marco,
1453 2219 1486 2277 et
1508 2210 1703 2276 Claudianus

598 2314 632 2380 in
649 2318 668 2379 6
686 2313 864 2379 Consulatu
886 2315 1032 2380 Honorii.
1078 2314 1260 2396 Quinetiam
1280 2313 1473 2399 precationis
1491 2313 1592 2397 ipsius
1606 2312 1703 2377 verba

598 2414 753 2491 referunt,
769 2417 884 2500 quibus
899 2438 975 2480 usus
994 2424 1044 2480 est
1059 2417 1202 2480 Marcus.
1248 2415 1353 2492 Hanc,
1369 2414 1482 2500 inquit,
1498 2414 1648 2479 dextram
1661 2414 1703 2476 ad

598 2523 634 2583 te
649 2518 781 2602 Jupiter
795 2519 906 2595 tendo,
922 2540 993 2603 quoe
1008 2518 1124 2582 nullius
1138 2539 1277 2603 unquam
1293 2516 1478 2604 sanguinem
1492 2515 1586 2581 fudit.
1618 2516 1702 2581 The-

600 2621 725 2684 mistiae
745 2621 778 2683 in
801 2630 884 2687 orat.
907 2622 1048 2685 nondum
1074 2623 1139 2701 (an.
1169 2625 1274 2707 1659.)
1301 2621 1388 2686 edita
1410 2621 1452 2684 ad
1469 2621 1704 2704 Imperatorem

601 2721 826 2799 Theodosium,
849 2746 921 2808 quae
943 2723 1128 2787 inscribitur
1151 2724 1194 2790 τίς
1217 2724 1234 2802 ἡ
1257 2722 1478 2801 βασιλικωτάτη
1496 2727 1555 2784 τῶν
1579 2723 1703 2802 ἆρετῶν.

598 2823 770 2907 Ἀντωνίνιρ
794 2826 833 2907 τῷ
853 2822 1007 2903 Ῥωμαίων
1031 2825 1231 2905 αὐτοκράτορι,
1254 2822 1276 2908 ql
1301 2829 1386 2886 τοῦτο
1411 2823 1482 2886 αὐτὸ
1507 2824 1665 2901 έπιέιννμον
1688 2825 1704 2885 ὁ

600 2925 740 3003 Εὐσεβὴς
760 2925 806 3003 ἦν,
824 2931 875 2987 τοῦ
897 2929 1116 3006 στρατεύματος
1135 2926 1191 2988 ὑπὸ
1213 2928 1320 3006 δίψους
1336 2924 1417 3008 αὐτῷ
1436 2923 1616 3002 πιεζομένου,
1635 2926 1707 2987 ἂνα-

599 3027 686 3106 σχὼν
701 3028 740 3087 τὼ
755 3032 838 3107 χεῖρε
861 3029 1039 3105 ὁβασιλεὺς
1059 3027 1132 3107 πρὸς
1154 3027 1207 3089 τὸν
1222 3028 1358 3106 οὐρανόν·
1381 3026 1472 3103 ταύτῃ
1492 3025 1549 3105 ἔφη
1570 3029 1605 3104 τῇ
1626 3026 1707 3107 χειρὶ

600 3127 833 3208 προντρεψάμην
849 3154 885 3190 σε
902 3130 949 3190 καὶ
964 3128 1103 3191 ἱκέτευσα
1117 3126 1170 3190 τὸν
1185 3131 1257 3204 ζωῆς
1269 3129 1386 3206 δοτῆρα,
1398 3121 1417 3203 ᾗ
1428 3124 1504 3203 ζωὴν
1515 3124 1567 3186 οὐκ
1579 3126 1705 3205 ἀφειλό-

599 3249 668 3306 μην·
693 3230 741 3291 καὶ
756 3232 830 3291 οὕτω
848 3228 992 3313 κατῄδεσε
1008 3230 1059 3291 τὸν
1075 3227 1146 3291 θεὸν
1165 3230 1199 3305 τῇ
1220 3227 1303 3312 εὐχῇ,
1320 3228 1398 3287 ὥστε
1419 3223 1454 3302 ἐξ
1474 3227 1590 3306 αἰθρίας
1609 3225 1708 3304 ἦλθον

601 3329 732 3409 νεφέλαι
747 3333 966 3411 ὑδροφοροῦσαι
985 3335 1046 3397 τοῖς
1067 3330 1268 3409 στρατιώταις.
1315 3327 1419 3390 Addit
1443 3327 1637 3390 Themistius
1658 3327 1704 3391 vi·

600 3430 685 3494 disse
706 3455 740 3494 se
760 3433 880 3516 pictam
900 3433 932 3496 in
953 3433 1064 3497 tabula
1082 3431 1177 3515 hujus
1198 3431 1244 3494 rei
1267 3430 1452 3515 imaginem:
1476 3430 1707 3514 Imperatorem

602 3532 730 3615 quidem
746 3533 777 3596 in
798 3535 866 3598 acie
882 3536 969 3598 Deos
990 3543 1194 3619 precantem
1219 3533 1335 3597 milites
1354 3555 1429 3596 vero
1449 3533 1548 3617 galeis
1570 3534 1707 3598 imbrem

602 3633 806 3718 excipientes,
833 3642 867 3698 et
892 3656 1009 3718 aquam
1035 3635 1158 3699 caelitus
1182 3636 1311 3698 missam
1335 3635 1489 3699 bibentes.
1544 3637 1706 3700 Vnuasma

603 3735 739 3798 Fulmen
754 3735 793 3799 de
809 3736 888 3799 coelo
901 3737 1047 3820 precibus
1062 3737 1127 3800 suis
1139 3745 1251 3801 contra
1262 3737 1402 3801 hostium
1414 3736 1709 3802 machinamentum

603 3836 752 3911 extorsit,
776 3837 841 3900 suis
865 3838 969 3921 pluvia
993 3838 1175 3923 impetrata,
1200 3862 1297 3924 quum
1323 3838 1376 3902 siti
1399 3838 1592 3903 laborarent.
1638 3840 1707 3904 Jul.

603 3934 805 4021 Capitolinus
820 3938 852 4001 in
873 3941 986 4003 Marce
1005 3941 1157 4005 Antonino
1174 3941 1354 4027 ΡΙιιίοιορΙιο
1376 3963 1447 4025 pag.
1463 3958 1516 4025 32.
1532 3939 1583 4003 ed.
1601 3940 1707 4006 Paris.

603 4039 708 4102 Extat
723 4040 842 4124 (inquit
858 4045 938 4105 Ant.
957 4042 1090 4127 Pagina)
1104 4066 1249 4106 nummus
1264 4049 1434 4127 argenteus
1448 4042 1480 4104 in
1497 4043 1588 4105 Gaza
1603 4042 1712 4129 Regia

603 4139 785 4225 inscriptus,
801 4144 851 4207 M.
869 4146 1057 4207 Annomuus
1076 4145 1161 4209 Aue.
1179 4169 1228 4207 ru.
1251 4148 1289 4208 P.
1310 4145 1417 4208 xxviii.
1463 4143 1589 4207 Visitur
1608 4155 1713 4230 caput

606 4242 762 4306 Antonini
778 4245 966 4309 laureatum.
1003 4249 1043 4310 In
1058 4247 1182 4331 postica
1197 4248 1306 4311 Reme.
1322 4247 1405 4309 Aue.
1422 4247 1495 4309 Ine.
1512 4269 1554 4308 τι.
1567 4247 1651 4312 Coss.
1666 4249 1714 4312 iii.

602 4343 709 4421 idest,
726 4346 846 4430 Relipie
861 4350 1004 4432 depasti.
1045 4350 1194 4415 Cernitur
1211 4349 1390 4413 Mercurius
1405 4357 1505 4425 stans,
1522 4349 1576 4432 qui
1591 4351 1719 4415 dextra

603 4453 761 4532 pateram,
776 4456 809 4511 et
824 4447 955 4512 sinistra
969 4451 1142 4514 caduceum
1158 4457 1255 4515 tenet.
1288 4449 1499 4516 Tribunitiam
1512 4452 1585 4516 Pot.
1598 4452 1717 4532 xxviii.
