4359 5150
922 424 1275 490 ANNOTATIONus

1049 695 1138 766 VII.

501 889 504 895 .
592 838 629 900 P.
642 854 695 921 57.
708 838 728 901 l.
743 840 793 905 28.
809 836 990 924 γέγραπται]
1015 837 1126 903 Verba
1135 837 1292 903 Genesii.
1307 860 1336 923 3.
1353 836 1645 919 Damascenns,qui

547 939 580 1002 in
597 940 760 1004 Parallelis
774 941 842 1004 haec
854 942 968 1006 Graeca
980 940 1097 1005 Irenaei
1110 941 1160 1004 bis
1174 940 1294 1016 citavit,
1307 962 1379 1025 quae
1393 940 1428 1003 in
1442 939 1513 1003 cod.
1524 957 1646 1022 quoqne

549 1045 600 1104 26.
611 1042 741 1105 Bnrocc.
752 1042 784 1104 in
800 1042 950 1106 Biblioth.
961 1043 1054 1106 Bodl.
1067 1050 1190 1116 extant,
1203 1042 1289 1106 haud
1304 1041 1485 1126 descripsit.
1509 1040 1646 1105 Gnamus

547 1142 765 1207 adIrcnoeum.

592 1243 673 1308 Ibid.
689 1244 709 1306 l.
719 1264 772 1329 30.
795 1246 996 1330 παρακούσας]
1021 1252 1104 1311 Θεοΰ
1126 1247 1272 1312 additum
1291 1246 1325 1309 in
1344 1246 1528 1309 Dmnccccn.
1544 1242 1645 1328 prima

546 1346 700 1410 citatione
713 1354 747 1411 et
762 1349 888 1411 Barocc.
913 1349 1013 1413 Gaia.
1030 1348 1105 1412 idid.

591 1446 627 1509 P.
644 1448 696 1531 58.
722 1447 741 1510 l.
760 1466 787 1513 2.
814 1451 912 1513 ἐκεῖσε
934 1451 1144 1533 μετατεθῆναι]
1169 1447 1429 1534 Disputationem
1455 1448 1496 1509 de
1519 1445 1591 1509 loco
1615 1444 1645 1507 in

546 1572 641 1635 quem
664 1550 752 1613 Deus
775 1552 988 1627 transtulerit,
1011 1559 1045 1617 et
1071 1554 1133 1615 huc
1159 1574 1259 1636 usquc
1285 1551 1425 1615 viventes
1450 1546 1645 1613 conservarit

547 1651 713 1715 Enochum
729 1659 763 1716 et
778 1652 919 1728 Heliam,
935 1653 1138 1737 Augustinus
1151 1652 1308 1737 judicavit
1323 1652 1365 1716 ad
1379 1651 1475 1714 fidem
1494 1672 1559 1713 non
1579 1670 1645 1734 per-

545 1753 658 1830 tinere,
674 1754 728 1817 lib.
740 1753 771 1816 ii.
788 1754 828 1817 de
841 1761 973 1839 peccato
989 1754 1134 1839 originali
1150 1777 1178 1818 c.
1192 1774 1243 1839 23.
1268 1755 1315 1817 At
1331 1775 1426 1838 quum
1443 1752 1495 1816 hic
1508 1752 1646 1815 lrenaeus

547 1855 662 1918 doceat
682 1856 911 1939 Apostolorum
933 1857 1103 1941 discipulos
1126 1864 1160 1920 et
1182 1856 1346 1920 auditores
1371 1855 1499 1930 dixisse,
1522 1853 1594 1917 illos
1615 1853 1645 1915 in

546 1956 730 2040 paradisum
744 1963 939 2036 terrestrem,
953 1958 1131 2044 ubicunque
1146 1957 1197 2021 illc
1212 1958 1266 2033 sit,
1281 1956 1455 2021 translatos
1473 1955 1582 2034 fuisse,
1598 1954 1643 2017 in-

547 2057 660 2143 deque,
677 2058 730 2143 qui
745 2060 896 2123 adversus
911 2060 1148 2124 Antichristum
1163 2059 1346 2145 praelientur
1361 2065 1521 2135 venturos,
1537 2056 1645 2142 (Apoc.

546 2182 618 2245 cap.
635 2161 689 2241 xi.)
708 2162 758 2225 cui
773 2162 940 2227 sentcntiae
956 2184 1065 2226 omnes
1085 2164 1151 2226 fere
1166 2160 1271 2226 Graeci
1286 2168 1319 2224 et
1336 2159 1443 2223 Latini
1463 2167 1575 2244 patres
1592 2159 1644 2223 ad·

547 2262 749 2347 stipulantur,
774 2264 850 2327 mihi
876 2286 989 2348 parurn
1013 2271 1121 2329 tutum
1145 2263 1271 2327 videtur
1292 2262 1387 2325 aliter
1408 2281 1494 2324 nunc
1519 2261 1643 2324 sentire.

548 2364 751 2428 Frussnnur.
769 2366 811 2429 ad
826 2366 916 2429 eund.
950 2365 1000 2429 De
1015 2365 1161 2428 omnibus
1172 2363 1269 2448 justis
1284 2362 1438 2447 Spiritum
1453 2362 1516 2426 Dei
1530 2362 1646 2427 haben·

547 2463 634 2528 tibus
649 2465 745 2529 locuti
762 2474 837 2530 sunt
853 2467 1037 2552 Presbyteri
1052 2466 1268 2552 apostolorum
1284 2465 1439 2552 discipuli.

1038 2687 1148 2758 VIII.

592 2833 607 2892 I
612 2831 675 2894 bid.
691 2831 710 2894 l.
726 2851 775 2896 20.
798 2835 849 2909 τῆς
864 2835 946 2897 θείας
967 2832 1114 2898 ἐκτάσεως
1129 2838 1187 2894 τῶν
1197 2833 1320 2914 χειρῶν]
1355 2832 1409 2893 An
1424 2831 1574 2916 primitus
1592 2853 1644 2916 po-

547 2933 643 2995 situm
658 2955 696 2995 uc
710 2955 894 3017 germanum
911 2934 953 2997 sit
969 2934 1045 2998 illud
1061 2937 1152 3011 θείας,
1166 2934 1250 3017 quod
1265 2935 1357 2998 abest
1372 2956 1393 2996 a
1407 2941 1515 2997 vetere
1533 2932 1646 2996 lrenaei

546 3034 730 3118 interprete,
744 3035 880 3098 fortasse
895 3037 1115 3099 dubitandum.
1148 3038 1306 3100 Oaeterum
1323 3038 1436 3099 Graeca
1451 3036 1520 3098 haec
1534 3035 1645 3098 Irenaei

546 3143 656 3199 extare
671 3136 703 3198 in
720 3138 845 3199 Catena
861 3136 932 3199 MS.
949 3137 981 3200 in
1001 3138 1099 3200 libros
1120 3138 1243 3222 Regum
1259 3161 1344 3201 num.
1360 3158 1432 3203 211.
1457 3137 1539 3200 Bibl.
1558 3138 1646 3201 Cois·

544 3239 598 3302 lin.
614 3261 672 3302 nos
687 3239 795 3302 docuit
812 3240 1013 3306 Mansuetus:
1031 3238 1106 3321 quin
1122 3247 1154 3301 et
1166 3239 1333 3322 exscripsit
1347 3239 1458 3301 eodem
1472 3260 1512 3301 ex
1522 3238 1648 3302 (latona

546 3340 617 3404 MS.
635 3341 667 3402 in
682 3340 779 3403 libros
795 3340 917 3424 Regum
933 3340 1132 3403 bibliothecae
1148 3341 1280 3403 Venetae
1297 3340 1329 3402 S.
1344 3340 1447 3403 Marci
1462 3340 1500 3403 ol.
1519 3341 1646 3426 Minga·

544 3443 650 3506 rellius
670 3443 711 3506 ad
732 3442 860 3525 Didymi
880 3465 959 3526 opus
974 3444 1022 3505 Dc
1037 3444 1188 3505 Trinilcte
1205 3442 1290 3505 hand
1307 3442 1353 3505 ita
1368 3443 1489 3527 pridem
1513 3443 1645 3518 editum,

544 3544 597 3607 lib.
614 3544 646 3605 ii.
675 3565 702 3606 c.
723 3564 769 3623 14.
796 3567 826 3628 p.
845 3547 916 3606 266.
972 3545 1034 3607 Sed
1061 3567 1132 3607 eum
1160 3545 1294 3628 fugerat,
1326 3543 1485 3628 pertinere
1509 3544 1579 3608 haec
1605 3547 1646 3608 nd

547 3645 661 3707 Irenaei
677 3644 790 3707 librum
807 3655 920 3708 contra
932 3648 1094 3722 Haereses‚
1104 3647 1179 3707 dum
1195 3646 1379 3709 collocanda
1393 3668 1431 3708 ea
1445 3646 1529 3709 inter
1545 3646 1647 3732 Frag-

544 3754 653 3808 menta
681 3745 815 3808 aliorum
842 3769 972 3830 operum
1002 3747 1143 3830 ejusdem
1174 3748 1285 3830 patris,
1313 3754 1409 3830 atque
1435 3747 1488 3809 alii
1518 3748 1646 3812 cuidam

539 3851 720 3931 fragmento
735 3848 803 3930 jam
826 3849 913 3911 edito
933 3849 1152 3933 subjungenda
1166 3849 1299 3921 monuit,
1317 3857 1468 3932 tanquam
1485 3850 1511 3911 si
1532 3851 1646 3915 eadem

540 3949 603 4012 huc
617 3971 716 4032 usque
732 3970 794 4011 non
811 3950 1012 4033 prodiissent.

585 4050 667 4112 Ibid.
685 4049 705 4112 l.
720 4070 769 4115 21.
795 4051 941 4117 ἐκτάσεως
963 4058 1021 4113 τῶν
1043 4053 1167 4135 χειρῶν]
1204 4051 1341 4136 Elegans
1356 4058 1389 4114 et
1404 4052 1456 4134 pia
1471 4053 1646 4118 admodum
1669 4130 1674 4141 ⁴

540 4160 588 4214 est
610 4152 677 4214 haec
700 4152 834 4234 mystica
855 4153 957 4237 ligura
980 4154 1154 4216 Dominicae
1178 4154 1281 4216 crucis
1303 4154 1484 4238 explicatio,
1505 4178 1603 4238 quam
1625 4181 1645 4220 a

541 4251 680 4329 Seniore,
699 4253 909 4339 Polycarpum
926 4265 1004 4339 puto
1016 4255 1064 4318 vcl
1081 4256 1226 4341 Papiam,
1243 4256 1376 4340 accepit.
1423 4257 1482 4335 Qui
1499 4257 1661 4340 pluribus·

539 4376 678 4418 animum
702 4355 863 4419 oblectare
886 4358 1092 4442 concupierit,
1112 4367 1145 4422 et
1167 4358 1330 4432 similibus,
1352 4359 1496 4423 consulat
1518 4359 1643 4425 Justini

541 4456 698 4540 Martyris
725 4457 914 4540 Apologiam
942 4460 1159 4542 posteriorem,
1190 4460 1352 4524 Lactantii
1376 4461 1429 4524 lib.
1446 4462 1485 4524 iv.
1507 4485 1578 4547 cap.
1595 4467 1645 4526 26.
