4359 5150
540 440 608 505 να
887 440 1325 524 nemeumsncun.

540 605 1652 718 στρεβλῶσεωςὶκανὸνῆνπρὸςτὸέξαγαγώτῖμψνχέμ,

539 743 608 843 οὐχ
634 740 1207 840 ὅτιγετοιαῡνακαὶτοσαῦνα.
1239 745 1325 821 ἀλλ’
1357 744 1575 848 ἡμακαμῖα
1601 752 1651 832 ὦς

539 872 1466 982 manutenementum
1510 880 1649 980 ων

539 1011 650 1106 αὐτῆς
666 1007 851 1112 ἀνάληψις
867 1012 926 1085 καὶ
943 1006 1147 1092 α’νῶῐαυσις
1159 1014 1218 1088 καὶ
1231 1012 1446 1108 ἅναλγησία
1461 1019 1540 1092 τῶν
1552 1048 1648 1113 συμ-

540 1546 628 1649 &sip
644 1544 765 1626 πᾶισα
781 1545 973 1645 ἄνθρωπον
993 1544 1119 1628 πάσας
1142 1544 1208 1629 τὰς
1230 1547 1275 1652 ἐξ
1298 1547 1504 1648 ἀνθρώπων
1531 1553 1645 1636 αἰκίας

538 1683 709 1784 γενναίως
737 1678 932 1776 ὑπομένων,
960 1684 1034 1756 τῶν
1065 1677 1210 1775 ἀνόμων
1240 1678 1460 1782 ἔλπιζοντων
1486 1682 1549 1761 διὰ
1578 1683 1644 1783 τὴν

537 1814 708 1914 ἐπιμονὴν
729 1817 788 1893 καὶ
812 1812 856 1891 τὸ
879 1811 1030 1912 μέγεθος
1054 1820 1130 1891 τῶν
1156 1811 1332 1907 βασάνων
1357 1815 1589 1898 ἀκούσεσθαί
1609 1854 1643 1900 τι
1653 1856 1684 1896 ιο

537 1953 623 2053 παρ’
641 1952 751 2028 αὐτοῦ
767 1953 840 2026 τῶν
863 1946 914 2046 μὴ
939 1947 1103 2043 δεόντων,
1120 1948 1281 2053 τοσαύτῃ
1305 1949 1511 2031 ὑποστάσει
1540 1956 1640 2034 ἀντι·

537 2083 766 2189 παρετάξατο
782 2083 912 2177 αὐτοῖς,
929 2081 1025 2159 ὥστε
1042 2081 1132 2179 μηδὲ
1149 2080 1192 2160 τὸ
1211 2081 1300 2160 ἴδιον
1317 2092 1495 2164 κατειπεῖν
1518 2086 1643 2187 ὄνομα,

538 2220 627 2320 μήτε
645 2219 769 2300 ἔθνους
784 2214 875 2315 wire
891 2212 1034 2298 πόλεως
1056 2215 1140 2294 ὅθεν
1163 2213 1219 2314 ἦν,
1236 2215 1326 2314 μήτε
1348 2223 1379 2296 εὶ
1403 2221 1539 2305 δοῦλος
1562 2221 1585 2322 ἢ
1608 2226 1643 2303 ε’-

539 2354 707 2456 λεύθερος
716 2352 784 2450 εἴη·
809 2350 913 2429 ἀλλὰ
924 2349 1016 2452 πρὸς
1027 2348 1148 2429 πάντα
1160 2349 1208 2429 τὰ
1220 2352 1476 2453 ἑπερωτῶμενα
1488 2359 1639 2461 ἅπεκρί.

539 2523 627 2570 νατο
643 2489 882 2593 τῇῬωμαῆ
895 2491 1011 2592 φωνῇ,
1023 2485 1243 2588 Χριστιανός
1261 2493 1342 2585 εἰμι.
1357 2497 1465 2568 τοῦτο
1482 2495 1545 2570 καὶ
1563 2496 1641 2573 ἀντὶ
1652 2524 1682 2585 ¹5

539 2621 721 2720 ὀνόματος,
749 2625 808 2699 καὶ
835 2624 915 2698 ἀντὶ
941 2619 1092 2716 πόλεως,
1120 2624 1178 2699 καὶ
1205 2623 1285 2698 ἀντὶ
1312 2621 1446 2722 γε’νους,
1475 2629 1536 2706 καὶ
1563 2630 1643 2708 ἀντὶ

538 2756 674 2839 παντὸς
687 2753 906 2853 ἐπαλλήλως
924 2755 1113 2854 ὡμολόγει·
1133 2755 1254 2853 ἄλλην
1267 2755 1305 2835 δὲ
1319 2756 1444 2859 φωνὴν
1457 2761 1522 2838 οὐκ
1536 2763 1642 2861 ἤκου-

539 2927 614 2971 σαν
627 2893 735 2969 αὑτοῦ
753 2889 798 2967 τὰ
817 2890 911 2987 ἔθνη.
929 2888 1010 2966 ὅθεν
1025 2888 1068 2987 δὴ
1083 2894 1140 2967 καὶ
1156 2894 1353 2995 φιλονεικία
1367 2893 1510 2995 μεγάλη
1525 2906 1590 2975 τοῦ
1603 2933 1643 2976 τε

539 3028 710 3129 ἡγεμόνος
729 3029 873 3103 καὶτῶν
891 3032 1129 3117 βασανιστῶν
1143 3027 1280 3126 ἐγένετο
1293 3025 1383 3128 πρὸς
1403 3028 1524 3107 αὐτόν·
1547 3030 1643 3109 ὥστε

539 3213 714 3275 enecandam
760 3212 915 3276 suffecisse,
954 3210 1061 3266 nedum
1114 3212 1225 3268 licitum
1247 3233 1282 3269 ex
1302 3235 1338 3270 eo
1357 3213 1517 3279 audituros,
1534 3218 1573 3274 ob
1595 3219 1641 3275 ni.
1652 3239 1686 3278 20

540 3308 585 3354 tot
606 3315 638 3352 ae
658 3307 738 3351 tanta
757 3303 911 3349 tormenta.
950 3290 1062 3348 Verum
1113 3293 1199 3348 mium
1211 3294 1268 3348 vim
1283 3305 1313 3350 et
1328 3295 1560 3370 magnitudinem
1573 3319 1641 3355 cru.

539 3379 623 3435 beata
643 3375 692 3430 illn
715 3376 804 3430 instar
818 3372 948 3447 generosi
965 3371 1063 3445 eujus-
1113 3373 1259 3428 cintuum:
1283 3384 1364 3429 tanta
1385 3374 1522 3431 firmitate
1537 3378 1580 3434 eis
1594 3397 1641 3435 re-

539 3458 605 3514 dum
621 3454 747 3519 athletis,
763 3454 791 3508 in
807 3453 869 3529 ipsa
883 3452 1064 3507 confessione
1114 3452 1199 3516 stitit,
1221 3465 1254 3509 ut
1276 3473 1328 3509 nec
1350 3473 1445 3517 suum,
1468 3475 1522 3511 nec
1544 3460 1642 3529 gentis

540 3539 615 3593 sires
639 3547 726 3609 ntqne
751 3534 862 3589 animos
888 3531 1061 3587 resumebat.
1114 3544 1164 3588 aut
1179 3533 1305 3588 civitatis
1320 3553 1355 3589 ex
1372 3553 1429 3609 qun
1443 3545 1519 3591 esset
1538 3539 1640 3593 oriun.

542 3618 673 3689 Eratque
704 3615 729 3671 ei
759 3612 880 3669 refectio
907 3623 936 3667 et
970 3612 1061 3686 quies,
1114 3612 1168 3668 dus
1197 3632 1311 3679 nomen,
1336 3633 1388 3670 nec
1414 3626 1512 3670 utrum
1538 3627 1684 3685 servusas

540 3714 714 3768 sensumque
755 3711 868 3750 omnem
913 3691 1063 3765 praesentis
1114 3692 1639 3771 essetaningenuus,prolocutussit:

540 3775 647 3832 doloris
679 3772 823 3829 adimebat
855 3770 978 3847 prolatio
1011 3771 1063 3824 ho·
1114 3769 1163 3827 sed
1173 3771 1209 3827 nd
1219 3773 1569 3849 omnesinterrogutiones
1580 3777 1640 3833 Ro·

541 3876 604 3912 rum
662 3854 832 3910 verborum:
898 3851 1063 3907 Christiana
1114 3871 1197 3906 mana
1215 3852 1314 3928 lingua
1328 3854 1520 3929 responderit,
1537 3856 1639 3913 Chris-

540 3955 614 3999 num‚
625 3946 653 3990 et
667 3932 738 3988 nihil
753 3932 830 4008 apud
842 3952 894 3987 nos
905 3930 972 3986 mali
987 3931 1062 4007 geri·
1114 3931 1211 3986 tianus
1234 3953 1307 3988 sum.
1351 3933 1418 3989 Hoc
1443 3934 1495 3989 sibi
1519 3955 1639 4001 nomen,

540 4028 597 4072 tur.
1114 4011 1246 4087 patriam,
1269 4032 1369 4087 genus,
1392 4014 1487 4069 onmia
1511 4014 1640 4091 denique
1650 4032 1688 4086 30

581 4096 610 4151 6.
635 4096 759 4149 Sanctus
776 4112 854 4156 vero,
870 4112 934 4147 cum
951 4102 981 4148 et
1001 4091 1062 4167 ipse
1114 4111 1175 4147 esse
1185 4093 1307 4149 subinde
1319 4092 1526 4169 profitebatur;
1542 4115 1640 4170 neque

540 4196 627 4252 supra
652 4175 809 4229 humanum
836 4171 952 4227 modum
977 4190 1062 4227 cunc·
1114 4171 1198 4227 eliam
1215 4192 1312 4228 vocem
1327 4174 1363 4228 ab
1383 4193 1417 4229 eo
1436 4174 1568 4231 Gentiles
1586 4195 1640 4232 ex-

541 4268 570 4312 ta
585 4276 648 4330 quui
669 4254 704 4309 ab
723 4252 887 4307 hominibus
905 4251 1061 4327 excogitari
1114 4263 1249 4326 torquere
1269 4252 1431 4309 valuerunt.
1475 4254 1570 4322 Quum
1594 4269 1640 4313 et·

541 4345 696 4412 potnerunt
711 4343 855 4389 tormenta
870 4331 985 4387 fortiter
1000 4350 1061 4386 sus·
1115 4331 1169 4386 iam
1186 4333 1223 4388 ob
1237 4352 1349 4388 causam
1363 4334 1488 4389 mnximn
1499 4333 1639 4392 adversus

541 4417 656 4478 tineret‚
678 4412 860 4489 sperantibus
881 4411 940 4486 jam
967 4410 1063 4487 impiis
1115 4411 1196 4466 illum
1222 4423 1252 4468 et
1279 4412 1412 4469 Praesidis
1437 4425 1467 4469 et
1491 4426 1637 4472 tortorum
1648 4431 1686 4488 35

541 4495 649 4571 aliquid
675 4515 705 4551 se
727 4491 893 4549 indecorum
916 4501 1003 4565 atque
1025 4490 1060 4545 il·
1116 4492 1272 4565 pertinucia
1286 4492 1393 4548 furoris
1407 4500 1520 4551 exarsit.
1550 4493 1639 4553 Adeo
