4359 5150
624 449 690 517 278
849 498 851 503 -
992 448 1348 516 ΑΝΝΟΤΑΤΙΟΝΕ8

626 621 731 699 vertit,
746 622 902 687 Discernit
914 632 1013 686 ceam
1027 623 1064 687 de
1076 622 1227 707 moyse
1243 620 1404 686 moadeca
1417 618 1559 685 Hebraea
1577 629 1605 684 et
1624 621 1724 703 Syros.

628 727 674 789 Et
695 725 736 788 de
759 724 901 788 versione
925 726 1042 790 Graeca
1066 725 1216 810 quedam,
1238 730 1276 788 ut
1295 722 1431 799 videtur,
1449 723 1505 786 sed
1525 722 1642 786 veteris
1664 731 1724 786 tes·

624 828 769 900 tamenti,
782 827 829 891 ita
843 826 969 891 locutus
982 847 1080 911 supra
1094 832 1144 889 est
1160 824 1286 888 Mauro
1301 824 1334 887 in
1350 824 1547 909 Fragmenta
1563 826 1621 888 IV.
1638 826 1655 887 ὁ
1670 826 1725 888 Σί-

623 956 675 1010 por
690 932 738 994 καὶ
754 928 929 1010 ὁἘβραῖος
941 928 1124 1010 κρεμάμενός
1139 937 1243 1008 φησιν.
1283 926 1357 990 Vid.
1369 949 1442 1012 pag.
1458 930 1529 990 118.
1575 926 1725 990 Getarum

624 1038 732 1095 monet
748 1030 914 1095 Fabricius
929 1030 962 1093 in
977 1028 1122 1094 Balara.
1141 1031 1198 1093 Gr.
1214 1029 1275 1092 vol.
1290 1028 1334 1093 ix.
1350 1050 1380 1112 p.
1398 1030 1470 1112 256.
1485 1028 1535 1091 ed.
1551 1049 1651 1104 novae,
1663 1026 1725 1090 dis·

622 1135 757 1197 cendum
779 1155 846 1197 esse
867 1154 908 1197 ex
924 1131 1114 1215 Hieronymi
1137 1132 1215 1204 loco,
1232 1130 1392 1215 evangelia
1409 1129 1559 1194 Matthaei
1575 1128 1725 1206 Hebraea,

623 1259 694 1319 quae
709 1235 982 1311 circumferuntur,
998 1256 1067 1297 esse
1082 1232 1311 1297 commentitia.

670 1338 751 1401 lbid.
769 1340 817 1402 rol
833 1340 912 1404 ίδίος
927 1339 960 1400 ἐκ
975 1340 1026 1415 τῆς
1038 1334 1214 1421 Ἑβραίους]
1233 1335 1272 1397 In
1288 1355 1346 1397 sna
1360 1332 1505 1397 oratione
1521 1332 1724 1418 Hegesippus

590 1430 593 1434 ’
621 1439 776 1503 vocabula
801 1439 947 1523 quaedam
974 1438 1137 1502 Hebraico
1163 1435 1285 1501 Graecis
1310 1435 1410 1500 literis
1435 1436 1615 1511 extulerat3
1639 1436 1723 1521 quod

621 1541 749 1626 quidem
764 1540 954 1626 conjecturae
970 1539 1029 1603 viri
1044 1540 1130 1604 docti
1146 1541 1187 1604 de
1202 1541 1275 1624 θύρᾳ
1289 1560 1387 1623 supra
1401 1560 1432 1623 p.
1450 1555 1521 1624 237.
1538 1545 1723 1603 memoratae

620 1644 727 1709 lavere
741 1643 854 1729 possit.

665 1741 748 1806 Ibid.
772 1742 792 1804 l.
819 1760 871 1806 20.
897 1739 1068 1822 πανόρετου
1097 1742 1226 1827 σοφίαν]
1258 1739 1473 1826 Hieronymus
1501 1740 1536 1803 in
1564 1740 1721 1806 Chronico

620 1843 808 1929 Olympiade
828 1846 896 1927 136.
912 1850 946 1907 et
965 1842 999 1906 in
1019 1842 1214 1907 Praefationc
1232 1843 1276 1907 ad
1294 1843 1462 1928 proverbia
1483 1842 1671 1918 Salomonis,
1686 1845 1721 1908 li·

620 1948 713 2011 brnm
733 1945 898 2031 sapientiae
917 1947 999 2009 Jesu
1020 1945 1076 2009 filii
1100 1945 1221 2024 Sirach,
1236 1946 1406 2027 πανόρετον
1426 1946 1580 2031 appellari
1602 1947 1719 2012 scribit

621 2050 744 2115 Eadem
758 2070 854 2135 porro
868 2048 993 2113 ratione
1008 2047 1175 2132 proverbia
1190 2047 1367 2112 Salomonis
1382 2055 1504 2112 veteres
1517 2049 1720 2134 appellarunt

619 2152 788 2234 corriperer
803 2152 925 2231 σοφίαν.
964 2150 1089 2235 Quippe
1103 2150 1183 2215 liber
1197 2149 1248 2214 ille
1263 2151 1428 2235 sapientiae
1438 2151 1462 2213 J
1463 2173 1518 2215 esu
1530 2151 1586 2215 filii
1599 2152 1718 2229 sirach,

618 2255 704 2339 apud
721 2254 878 2317 Hebraeos
897 2252 1056 2337 parabolae
1075 2252 1268 2330 inscribitur,
1284 2253 1416 2338 perinde
1435 2274 1473 2317 ac
1492 2253 1572 2318 liber
1591 2275 1717 2340 prover-

618 2358 742 2421 biorum
765 2356 953 2420 Salomonis.
998 2355 1044 2419 Et
1069 2356 1336 2441 quemadmodum
1362 2354 1512 2419 Salomon
1534 2363 1608 2440 post
1630 2378 1719 2442 para-

618 2459 707 2523 bolas
732 2458 902 2543 scripserat
927 2457 1153 2522 Ecclesiastem
1179 2465 1214 2521 et
1238 2457 1398 2522 canticum
1426 2458 1642 2522 canticorum:
1675 2458 1719 2523 sio

616 2561 715 2627 etiam
736 2560 894 2626 Siracides
916 2559 1075 2646 parabolis
1097 2559 1162 2624 suis
1177 2560 1403 2625 Ecclesiastem
1424 2569 1458 2626 et
1479 2562 1639 2627 canticum
1661 2585 1715 2627 ex-

616 2663 720 2747 emplo
747 2662 925 2726 Salomonis
946 2662 1073 2747 adjecit.
1120 2662 1297 2748 Utriusque
1319 2664 1417 2749 igitur
1439 2665 1600 2748 parabolae
1624 2666 1716 2729 dictae

616 2766 751 2829 suntab
774 2764 913 2848 antiquis
933 2765 1100 2844 πανάρετος
1120 2768 1225 2845 σοφία.
1272 2765 1334 2828 Sed
1359 2773 1391 2828 et
1414 2766 1493 2829 liber
1516 2766 1567 2829 ille
1592 2768 1645 2850 qui
1669 2790 1716 2830 sa

615 2866 735 2951 pientia
751 2866 927 2928 Salomonis
942 2866 1022 2929 falso
1037 2866 1229 2942 inscribitur,
1246 2865 1411 2946 πανάρετος
1426 2872 1521 2947 σοφία
1537 2868 1655 2930 dicitur
1676 2868 1716 2930 ab

614 2968 794 3031 Athanasio
810 2967 842 3028 in
859 2967 1002 3050 Synopsi,
1015 2975 1049 3030 et
1063 2968 1105 3029 ab
1122 2967 1302 3051 Epiphanio
1314 2967 1347 3029 in
1361 2968 1442 3030 libro
1458 2969 1498 3031 de
1513 2970 1713 3052 ponderibus.

616 3069 737 3133 Verum
759 3077 796 3133 ut
818 3069 869 3131 hic
891 3069 971 3132 liber
992 3070 1072 3132 ialso
1094 3070 1287 3134 adscribitur
1309 3069 1479 3146 Salomoni,
1504 3071 1547 3133 sic
1570 3071 1714 3155 panareti

614 3172 800 3235 vocabulum
818 3171 898 3233 falso
923 3179 1067 3255 usurpat.
1094 3170 1258 3233 Varenus.
1304 3172 1413 3234 Adisis
1436 3195 1506 3256 quae
1527 3196 1624 3258 supra
1642 3197 1711 3258 pag.

618 3274 930 3358 135·511MEL1T0N¹⁸
952 3272 1147 3355 Fragmenta
1167 3273 1374 3336 adnotantur.
1422 3276 1552 3338 Interea
1576 3277 1623 3340 ita
1647 3276 1714 3339 red·

612 3378 688 3439 dere
711 3376 860 3438 Rufinum
883 3375 980 3438 verba
1002 3375 1090 3438 istaec
1111 3374 1245 3447 invenio,
1262 3376 1353 3458 quasi
1373 3376 1459 3439 aliud
1480 3377 1556 3461 quid
1576 3379 1712 3463 legisset,

620 3479 729 3541 Verum
752 3488 779 3541 α
797 3478 847 3539 lic
869 3478 942 3561 ipse,
957 3486 983 3540 οί
999 3478 1147 3553 Irenaeo,
1164 3487 1191 3540 et
1216 3478 1310 3540 omnia
1332 3479 1527 3562 emiqaoram
1548 3480 1655 3544 οίιοοοα
1678 3481 1713 3544 ίί·

611 3580 707 3654 dra-ra,
718 3581 966 3665 qniadtitalatar
980 3581 1153 3664 Sapientia,
1168 3581 1336 3645 Solomatis
1347 3582 1498 3658 dicernat,
1510 3584 1588 3647 sicut
1599 3594 1625 3647 α
1635 3586 1712 3647 Pro

610 3683 723 3757 cerdic,
739 3693 766 3746 ct
781 3694 898 3747 coetera.

655 3787 692 3848 P.
707 3804 780 3850 202.
795 3786 815 3849 l.
836 3805 885 3849 21.
910 3787 957 3849 καὶ
980 3787 1046 3866 περὶ
1069 3792 1129 3848 τῶν
1154 3785 1328 3867 λεγομένων
1352 3789 1384 3849 δὲ
1409 3788 1600 3870 ἀποκρύφων]
1636 3787 1711 3851 For·

609 3895 695 3950 tasse
710 3888 795 3950 haud
813 3888 924 3971 liquet,
940 3887 986 3950 ait
1007 3887 1039 3948 in
1060 3887 1129 3950 loco
1147 3888 1242 3971 paulo
1262 3895 1338 3951 ante
1362 3889 1502 3951 indicato
1520 3888 1711 3964 Lardnerus‚

608 3988 765 4052 veterisne
779 4011 821 4052 an
836 3989 908 4052 novi
924 3989 1109 4052 testamenti
1124 3989 1222 4052 libros
1244 3991 1442 4074 apocryphos
1458 3990 1509 4053 hic
1524 4012 1710 4054 commemo

607 4098 658 4154 ret
675 4090 888 4174 Hcgcsippus.
935 4090 1046 4173 Neque
1061 4112 1099 4153 eo
1115 4091 1199 4173 quod
1215 4091 1359 4175 proxime
1381 4099 1457 4155 ante
1477 4093 1518 4155 de
1536 4094 1710 4157 Salomonis

607 4193 781 4277 proverbiis
804 4193 924 4256 mentio
946 4194 1032 4256 facta
1054 4200 1150 4270 esset,
1173 4194 1251 4256 illud
1274 4201 1399 4257 certum
1421 4216 1490 4257 esse
1512 4194 1596 4257 idem
1612 4197 1660 4258 vir
1672 4196 1706 4259 cl.

606 4303 723 4372 censet,
749 4294 907 4379 designari
933 4295 984 4358 hic
1012 4294 1111 4358 libros
1141 4295 1256 4359 veteris
1286 4297 1472 4359 testamenti
1502 4300 1706 4383 apocryphos.

607 4393 709 4458 Immo
724 4415 808 4466 vero,
824 4416 896 4457 mea
910 4395 1037 4478 quidem
1052 4396 1221 4472 sententia,
1237 4417 1301 4458 non
1316 4404 1365 4460 est
1380 4419 1488 4472 causa,
1503 4400 1706 4481 quamobrem

605 4495 823 4560 existimemus
848 4495 888 4559 de
910 4495 999 4559 libris
1019 4496 1079 4559 hoo
1099 4497 1168 4560 loco
1192 4498 1254 4581 agi,
1277 4498 1329 4580 qui
1354 4500 1440 4582 apud
1466 4499 1704 4564 Post-Nicanos
