4359 5150
614 460 658 522 38
990 453 1342 521 ANNOTATIONES

615 625 824 699 Colossenses,
848 630 946 706 atque
969 623 1207 701 Philemonem
1235 632 1270 689 et
1297 646 1369 689 cum
1391 625 1510 689 iterum
1535 626 1579 690 ad
1604 626 1713 691 urbam

614 727 761 802 venisset,
776 748 796 788 a
817 725 849 788 S.
865 725 1033 788 Timotheo
1051 724 1212 810 petivisse,
1227 739 1262 789 nt
1279 727 1414 791 eundem
1437 726 1587 792 Marcum
1609 749 1713 794 secum

614 829 796 903 adduceret,
823 846 840 889 2
857 826 938 889 Tim.
955 826 995 889 iv.
1012 845 1059 889 ιι.
1082 826 1109 889 si
1132 833 1256 891 nemum
1277 837 1363 891 esset
1384 829 1614 914 evangelistam
1637 852 1712 907 esse,

614 928 668 1012 qui
692 928 742 990 his
766 927 843 991 locis
868 927 1010 990 Paulinis
1034 919 1227 1011 designetur.
1273 928 1453 993 Verisimile
1477 929 1510 993 id
1529 930 1609 993 mihi
1632 930 1714 994 ride·

613 1042 677 1106 tur,
692 1051 764 1093 oum
787 1029 819 1092 S.
833 1031 933 1092 Petro
955 1028 1036 1092 bene
1061 1037 1157 1092 notus
1182 1030 1280 1093 suerit
1304 1030 1435 1094 Marcus
1458 1029 1619 1095 Bemabae
1643 1052 1714 1116 ocg-

614 1137 718 1206 uatus,
741 1130 831 1214 cujus
862 1138 998 1193 matrem
1024 1152 1042 1193 e
1067 1152 1195 1194 carcere
1227 1131 1381 1198 liberatus
1411 1134 1577 1220 apostolus
1602 1134 1714 1198 statim

612 1233 722 1309 adivit,
737 1236 808 1296 Aa.
826 1234 933 1318 Apott.
949 1232 1002 1295 xii.
1020 1251 1067 1296 ιι.
1115 1232 1178 1295 Sed
1196 1232 1236 1295 de
1257 1233 1317 1297 hoo
1336 1236 1499 1321 evangelio
1512 1235 1586 1321 plus
1599 1243 1714 1311 restat,

613 1335 698 1419 quod
721 1340 895 1399 annotetur
918 1334 960 1397 ad
975 1336 1196 1418 Fropmeatam
1210 1333 1247 1398 de
1264 1336 1383 1398 θαιιοτισ
1396 1336 1429 1399 S.
1445 1338 1619 1422 Scrupturoe
1632 1337 1715 1401 inira

612 1436 811 1501 collocatum.

657 1536 740 1601 Ibid.
752 1536 774 1598 l.
789 1555 837 1620 13.
852 1539 890 1599 rb
904 1536 961 1599 ὑπὸ
977 1542 1028 1598 τοῦ
1044 1542 1177 1617 Χριστοῦ
1192 1534 1211 1615 ἢ
1225 1536 1390 1621 λεχθέντα]
1413 1540 1452 1600 rh
1467 1537 1524 1601 ὑπὸ
1537 1543 1593 1602 τοῦ
1603 1542 1716 1620 Kopion

611 1638 761 1720 λεχθέντα
775 1637 843 1700 sine
857 1635 875 1716 ἣ
890 1637 934 1700 ed.
951 1637 1051 1721 sapa
1067 1639 1142 1701 MS.
1158 1636 1298 1720 Norfhlo.
1310 1638 1507 1723 Rafiouspae.
1531 1638 1624 1704 Nunc
1639 1662 1715 1705 vero

610 1738 702 1802 addit
725 1739 899 1811 Burtonus,
922 1738 1335 1803 adamationem.
1352 1739 1453 1803 Sooil.
1475 1741 1570 1804 vona.
1585 1741 1716 1806 Flem-

610 1840 743 1924 tiaocque
765 1847 799 1903 et
823 1841 1031 1924 Nicephorum
1052 1863 1112 1925 pro
1137 1841 1273 1904 lectione
1292 1839 1423 1904 Valesii.
1479 1841 1559 1905 Mox
1583 1864 1604 1906 a
1617 1844 1714 1907 Νίσι-

603 1942 701 2026 ρίιοτο
726 1942 838 2005 abesse
860 1939 914 2008 τὰς
938 1949 1015 2006 ante
1044 1943 1239 2008 διδασκαλίας
1268 1947 1362 2006 notat
1388 1943 1562 2008 Strothins.
1606 1943 1715 2009 (λιιιοιι

610 2051 717 2107 autem
732 2043 784 2106 vix
802 2043 975 2128 probabilis
990 2043 1041 2107 hic
1055 2043 1189 2107 affertur
1201 2044 1322 2107 ordinis
1343 2065 1450 2108 rerum
1471 2052 1505 2108 et
1530 2067 1714 2111 sermonum

609 2147 696 2231 apud
722 2146 869 2208 Marcum
892 2146 926 2208 in
950 2146 1113 2231 evangelio
1139 2145 1266 2221 servati,
1289 2146 1343 2230 qui
1366 2146 1508 2209 nonnihil
1528 2147 1674 2213 diversus
1694 2171 1716 2213 a

609 2270 684 2313 vero
700 2247 811 2333 Papiae
826 2247 1004 2311 videbatur.

653 2349 735 2413 Ibid.
751 2350 772 2412 l.
790 2369 838 2429 17.
862 2349 989 2431 λογίων]
1016 2350 1112 2411 Hane
1133 2369 1242 2411 vocem
1264 2370 1323 2433 pro
1344 2350 1446 2430 λόγον
1469 2372 1509 2413 ex
1535 2351 1583 2415 cd.
1605 2353 1714 2438 Sept

608 2452 768 2516 revocavit
798 2451 972 2525 Strothius,
995 2450 1197 2514 firmantibus
1228 2472 1299 2514 eam
1322 2450 1493 2535 Niceploro
1519 2454 1716 2538 Norfirlcierr·

607 2555 691 2639 sique
711 2554 850 2638 anuph,-
875 2574 977 2637 neque
1002 2552 1127 2616 diversa
1149 2557 1241 2616 extat
1263 2551 1296 2615 in
1322 2552 1458 2638 Papiani
1480 2554 1585 2638 operis
1604 2555 1715 2634 titulo,

608 2664 666 2721 aut
685 2657 781 2742 paulo
801 2657 884 2719 inira
901 2657 986 2740 apud
1008 2655 1154 2739 Papiam.
1200 2655 1363 2718 Burtonus
1382 2676 1466 2732 vero,
1488 2656 1548 2720 etsi
1570 2678 1630 2741 pro
1654 2659 1717 2723 leo·

608 2760 695 2824 tione
714 2762 827 2839 λογίων
846 2758 972 2821 addidit
992 2758 1083 2820 codd.
1096 2757 1234 2840 Ιίιρὶιιιτι,
1252 2757 1523 2841 Pariactrumqae
1537 2764 1571 2821 et
1584 2758 1716 2824 Florea-

607 2862 692 2936 ticos,
708 2861 845 2944 reliquos
868 2869 976 2924 tamen
995 2867 1031 2923 ut
1047 2859 1203 2934 meliores,
1224 2859 1280 2935 ait,
1297 2865 1425 2921 secutus
1440 2861 1541 2941 λόγον
1556 2863 1716 2944 praetulit,

607 2965 683 3027 dum
694 2964 873 3047 suspicatus
888 2969 949 3034 ost,
960 2961 1032 3024 libri
1047 2960 1177 3024 titulum
1193 2960 1327 3045 Papiani
1338 2960 1435 3024 fuisse
1446 2961 1567 3025 iontem
1578 2963 1716 3030 alterius

606 3064 752 3128 lectionis
766 3066 892 3145 λογίων.

650 3168 690 3229 Ρ.
707 3185 756 3250 13.
768 3166 789 3228 l.
808 3165 854 3226 18.
876 3165 941 3227 ἔνια
953 3162 1087 3245 γράψας]
1112 3162 1178 3225 ἔνια
1189 3163 1371 3244 ἀναγράψας
1384 3164 1455 3227 Ood.
1465 3164 1563 3230 Vetat.
1575 3164 1715 3232 Smorn.

607 3270 658 3332 De
673 3267 781 3331 codice
795 3267 856 3330 hoc
868 3269 992 3329 Veneto
1009 3265 1235 3330 Praefationem
1251 3265 1322 3328 vide
1336 3287 1441 3329 meam
1456 3267 1510 3328 fin.
1525 3288 1645 3331 versus.

649 3369 686 3432 P.
700 3389 749 3448 14.
762 3369 783 3431 l.
798 3390 823 3432 1.
841 3372 874 3432 ἑν
889 3369 1003 3455 αὐτοῖς]
1029 3371 1062 3431 ἔν
1078 3370 1168 3432 deest
1183 3369 1215 3431 in
1230 3369 1275 3433 ecl.
1287 3369 1389 3454 Steplc.
1402 3371 1535 3433 Sraoru.
1548 3373 1583 3434 ἓν
1596 3373 1716 3441 τούτοις

605 3472 680 3534 MS.
697 3471 838 3554 Norfolo.

650 3572 687 3634 P.
709 3592 758 3652 14.
786 3573 806 3634 l.
822 3592 853 3657 3.
876 3572 1015 3653 Ἐβραΐδι
1041 3573 1199 3656 διαλέκτῳ]
1227 3573 1288 3652 Qui
1315 3572 1347 3635 in
1371 3572 1517 3657 proxima
1545 3572 1606 3637 fuit
1634 3582 1715 3657 post

606 3672 740 3757 Papiam
766 3674 972 3750 successione,
993 3673 1053 3736 hoo
1078 3675 1185 3759 posuit
1213 3676 1375 3750 lrenaeus;
1397 3676 1565 3738 Malthace
1585 3676 1620 3737 ιἰι
1643 3676 1712 3740 Ησ-

605 3771 696 3836 broeie
716 3776 852 3859 spacium
873 3775 979 3859 linqua
1000 3776 1186 3859 scriptoram
1208 3775 1307 3839 edidit
1328 3776 1483 3860 τοσαριίίί,
1504 3798 1571 3839 cam
1593 3776 1714 3841 Petras

604 3884 631 3936 et
652 3875 774 3939 Paulae
796 3877 901 3938 Remea
930 3875 1178 3959 eocapelizarent,
1202 3885 1229 3938 et
1245 3876 1422 3957 fundarent
1443 3877 1603 3940 archetem.
1626 3876 1710 3942 liii.

605 3997 632 4037 o.
647 3995 678 4057 5.
724 3977 807 4057 Quin
827 3985 860 4040 et
884 3976 1038 4040 lllatthaei
1061 3977 1258 4060 evangelium
1278 3976 1448 4040 Hebraicis
1471 3977 1587 4041 litteris
1610 3977 1711 4063 scrip-

604 4086 683 4154 tum,
700 4080 784 4162 quod
807 4078 980 4161 reliquerat
1003 4085 1076 4162 post
1099 4100 1132 4140 se
1153 4078 1410 4143 Bartholomaeus
1429 4080 1603 4164 apostolus,
1622 4080 1711 4143 Pan-

604 4187 723 4242 taennm
745 4181 830 4263 apud
854 4180 1052 4243 Christianos
1074 4178 1106 4241 in
1130 4179 1225 4244 India
1247 4181 1402 4264 reperisse
1424 4181 1527 4245 tradit
1547 4180 1710 4246 Eusebius

604 4280 625 4345 l.
641 4303 671 4344 v.
687 4281 770 4345 Hist.
787 4282 897 4345 Ecclee.
915 4304 942 4344 o.
960 4302 1009 4344 ιο.

649 4383 731 4445 lbid.
747 4382 768 4444 l.
785 4402 815 4466 3.
840 4383 1033 4468 συνετάξατο]
1058 4383 1153 4445 Hanc
1176 4382 1330 4468 Stephani
1354 4383 1521 4447 lectionem
1544 4405 1602 4467 pro
1615 4385 1712 4452 Vale-

603 4484 694 4547 siana
703 4484 927 4565 συνεγράψατο,
936 4485 1079 4550 restituit
1089 4486 1263 4564 strothius,
1273 4494 1424 4572 sequente
1436 4487 1708 4567 Zimmermanno,
