4359 5150
541 371 635 444 xviii
912 368 1214 445 PRAEFATIO.

550 569 809 666 Testamenti,
848 573 1025 679 quodque
1068 600 1119 653 ere
1167 573 1236 651 illo
1278 572 1366 680 ipsu
1406 572 1590 651 doctrina

539 706 722 789 catholici
734 721 890 816 putres,
905 722 944 788 et
963 720 1112 789 veteres
1130 703 1303 815 episcopi
1328 704 1590 812 collegerint‘.

541 842 651 924 Nam
669 855 786 923 cavet
806 840 976 924 ecclesia
994 871 1018 923 a
1038 841 1315 936 novatoribus
1328 841 1400 949 qui
1416 869 1467 921 ex
1482 840 1592 956 saiu-

540 977 729 1057 berrimis
761 975 959 1057 hauriant
989 1004 1158 1071 venena,
1187 987 1230 1055 et
1257 1004 1308 1056 ex
1341 973 1419 1082 piis
1451 975 1592 1083 impia,

539 1112 668 1192 immo
688 1112 722 1192 si
741 1112 849 1193 forte
871 1141 894 1192 e
919 1113 1052 1192 Sacrae
1077 1109 1304 1219 Scripturae
1324 1110 1438 1190 fonte
1460 1108 1587 1189 Mon·

541 1238 629 1330 tani
662 1267 790 1356 atque
822 1247 1130 1328 Mohammedis
1163 1244 1588 1355 pseudo-prophetias.

542 1382 627 1462 Eos
647 1393 786 1462 autem
808 1379 1067 1489 potissimum
1095 1382 1149 1460 ad
1169 1379 1366 1489 opuscula
1389 1408 1481 1461 mea
1501 1409 1592 1488 per-

540 1514 716 1623 legenda
752 1543 863 1609 νοοο,
897 1515 969 1623 qui
1003 1543 1166 1596 mecum
1206 1517 1400 1612 sentiant,
1437 1516 1478 1595 in
1515 1544 1593 1595 nu-

541 1679 702 1732 merum
723 1650 893 1730 maximi
915 1650 1116 1730 momenti
1136 1651 1379 1757 dogmatum
1400 1678 1472 1730 seu
1490 1650 1593 1729 veri-

540 1799 676 1866 tatum
703 1786 1003 1894 praecipuarum
1033 1784 1086 1864 ad
1115 1798 1254 1865 sancte
1284 1786 1433 1892 pieque
1453 1785 1594 1866 viven-

540 1920 642 2001 dum
657 1920 896 2014 efficacium,
912 1931 955 2000 et
975 1920 1028 1999 ad
1048 1917 1224 2000 salutern
1246 1933 1441 1999 aeternam
1463 1920 1593 2026 perti-

540 2054 746 2149 nentium,
773 2053 909 2163 (cujus
938 2053 1109 2162 quidem
1139 2054 1300 2161 generis
1329 2053 1463 2161 capita
1492 2053 1592 2135 fidei

540 2187 643 2296 quin
665 2188 858 2283 existant,
878 2188 966 2269 fieri
990 2217 1072 2268 non
1095 2197 1259 2297 potest)
1283 2186 1399 2268 nulla
1420 2187 1594 2267 omnino

540 2320 693 2430 placita
727 2322 943 2402 referenda
972 2350 1070 2418 esse,
1101 2322 1178 2402 nisi
1209 2351 1303 2430 quae
1335 2350 1429 2402 eum
1461 2350 1511 2401 ex
1547 2321 1590 2400 S.

540 2456 753 2565 Scriptura
791 2457 966 2564 probari,
1000 2471 1178 2558 tumex
1217 2458 1400 2565 antiquae
1439 2457 1591 2539 scholae

540 2591 697 2672 Christi
717 2591 996 2687 monimentis
1018 2593 1193 2674 testibus
1211 2595 1381 2702 quidem
1402 2621 1485 2674 non
1511 2596 1593 2676 ori-

541 2727 708 2834 ginibus
721 2726 785 2807 vel
802 2729 1039 2808 auctoribus
1053 2729 1247 2824 veritatis,
1257 2729 1407 2809 firmari
1422 2744 1591 2837 queant.

542 2862 725 2959 Etenim,
744 2874 794 2943 ut
813 2863 969 2972 optime
989 2865 1048 2944 ait
1066 2864 1249 2944 Joannes
1266 2862 1438 2960 BaiaeuS‚
1460 2865 1592 2948 Haud

541 3010 687 3078 temere
706 2998 789 3078 ulla
809 2995 991 3079 doctrina
1017 3000 1264 3080 admittendo
1283 3013 1353 3095 est,
1373 3001 1490 3105 orp'us
1510 3016 1589 3083 tes·

541 3130 753 3214 timonium
773 3163 851 3214 non
881 3148 987 3216 estet
1015 3137 1057 3215 in
1083 3133 1235 3244 primoe
1263 3133 1435 3217 ecclesio
1462 3137 1591 3219 docto-

542 3263 690 3348 ritosd.
749 3269 884 3363 Certe,
918 3284 1124 3376 quantum
1158 3270 1352 3378 equidem
1389 3269 1590 3380 intelligo,

542 3400 647 3481 nihil
668 3404 844 3485 existere
873 3404 926 3485 de
955 3404 1132 3485 essentia
1161 3405 1259 3486 fidei
1280 3407 1456 3500 videtur,
1475 3409 1591 3515 quod

541 3539 670 3619 sancti
692 3542 867 3645 majores
888 3541 1015 3619 nostri
1038 3554 1165 3650 atque
1180 3552 1244 3621 tot
1264 3541 1373 3622 beati
1391 3555 1590 3650 martyres

584 3737 598 3769 ⁰
613 3724 707 3789 Libro
724 3729 884 3792 Cortonam
898 3731 973 3794 anni
991 3732 1083 3797 1571.
1119 3733 1222 3796 Artio.
1240 3735 1280 3797 de
1293 3734 1589 3801 Conoionatoribus.

585 3828 599 3866 ‘¹
614 3829 762 3913 Epistola
772 3833 946 3897 Sirrnmarr'o
958 3856 1015 3898 suo
1025 3835 1203 3899 Britannico
1213 3838 1404 3920 Smptmum
1415 3839 1590 3921 praemissu.

544 3932 592 3994 Et
613 3931 686 3996 huie
702 3937 790 4019 quasi
814 3937 980 4023 nugatorio
1004 3936 1154 4021 suffragio
1176 3937 1390 4021 adstipulatus
1412 3961 1480 4002 esso
1505 3939 1592 4024 ipsos

542 4035 830 4117 quoqusDallaeum
841 4037 1089 4114 otWhitbeinm‚
1100 4040 1239 4103 ostendit
1248 4040 1448 4104 doctissimus
1461 4041 1592 4107 Water-

541 4133 655 4199 landus
665 4136 696 4199 in
709 4137 788 4202 libro
801 4140 968 4204 romanulo
981 4141 1087 4224 lingua
1098 4141 1217 4225 scripto
1226 4140 1275 4205 De
1285 4143 1427 4206 Munium
1438 4144 1592 4211 Mornouto

541 4236 702 4320 Dopmatis
716 4241 772 4305 SS.
792 4243 878 4306 Tria.
895 4265 963 4327 cap.
976 4243 1026 4306 vii.
1042 4266 1071 4327 p.
1082 4247 1266 4312 ess-390.
