4359 5150
932 455 963 519 S.
989 452 1260 519 PANTAENUS.
1581 447 1648 518 stt

543 630 755 703 συγγραμμάτων
777 630 839 685 rosis
864 633 916 683 rein
936 630 1011 683 θείων
1038 630 1174 700 δογμάτων
1197 618 1343 699 θησαυροῦς
1370 626 1644 696 ὕπομνηματιζόμινος.

544 723 645 781 Rufio.
660 732 718 780 tom
732 726 796 780 oioo
813 742 878 781 ooee
895 724 1039 797 dissipatos
1057 726 1202 788 instruens,
1217 742 1298 796 quous
1317 723 1447 778 librorum
1467 723 1647 778 monumentis

542 821 627 876 mmm
647 820 765 891 posteris
788 817 929 874 thesauros
949 820 1067 875 scientia
1086 819 1282 891 welioqum.
1325 816 1459 874 Fannio.
1503 812 1645 873 Attamen

542 915 667 973 veritate
679 912 783 970 innixa
795 912 866 969 mihi
881 912 998 989 quidem
1013 912 1218 989 interpretatio
1231 910 1406 989 Hieronymi
1426 909 1552 969 videtur.
1597 905 1645 968 De

543 1009 678 1067 Pantteni
692 1007 774 1067 libris
788 1007 829 1065 ait
843 1008 992 1065 Maximus
1006 1006 1162 1065 confessor
1175 1007 1206 1063 in
1221 1007 1342 1080 Prologo
1356 1008 1393 1062 od
1402 1007 1531 1080 Dionysii
1541 1008 1643 1079 Areop.

544 1108 657 1179 Opera:
678 1108 740 1159 odra
755 1105 807 1174 μὴν
824 1104 969 1159 Hmoieov
986 1104 1046 1159 rotis
1064 1102 1160 1159 πόνους
1177 1104 1345 1175 ἅνεγράψυτο
1366 1101 1553 1174 (Eusebius).
1572 1120 1602 1178 p.
1615 1101 1643 1157 6.

542 1198 590 1258 ed.
605 1197 725 1256 Mor-elii
741 1199 772 1256 S.
788 1198 918 1273 Dionysii
939 1198 1040 1271 Areop.
1078 1196 1162 1267 Quos
1181 1206 1279 1255 tamen
1300 1195 1478 1274 superfuisse
1502 1195 1646 1273 signifieat

543 1295 712 1365 Maximus3
737 1295 827 1352 immo
840 1294 903 1373 ipse
916 1294 996 1360 aiibi,
1011 1303 1046 1351 ut
1060 1292 1187 1359 ridetur,
1202 1312 1253 1351 eos
1268 1291 1419 1367 excerpsit.

584 1390 660 1447 0131
684 1389 816 1447 Eusebio
839 1388 957 1466 colligas
977 1388 1037 1464 jam
1062 1388 1117 1445 snb
1140 1385 1301 1445 Commodo
1325 1387 1432 1444 clarum
1455 1385 1587 1444 Pautoeni
1613 1386 1645 1443 iu

542 1485 642 1544 schola
655 1483 856 1543 Alexandrina
870 1503 975 1542 nomeu
989 1484 1089 1542 fuisse.
1128 1483 1215 1540 Nam.
1230 1496 1259 1539 v.
1274 1499 1304 1558 9.
1319 1501 1385 1540 oum
1399 1492 1543 1541 narrasset
1557 1480 1645 1539 com.

540 1580 621 1638 modi
639 1599 716 1637 anno
736 1579 831 1657 primo
851 1578 1018 1656 episcopum
1044 1576 1232 1636 Alexandria
1253 1577 1363 1635 factum
1387 1576 1551 1643 Julianum,
1575 1577 1645 1636 sub-

537 1676 640 1753 jungit
658 1694 684 1733 c.
699 1690 743 1732 10.
756 1676 845 1748 ἠγεῖτο
858 1676 887 1729 dd
900 1678 1036 1744 τηνικαῦτα
1048 1676 1095 1743 τῆς
1108 1678 1160 1729 τῶν
1172 1677 1274 1728 πιστῶν
1287 1671 1377 1730 aestu
1390 1676 1524 1747 doorpsffis
1533 1672 1584 1730 rd‘v
1593 1675 1645 1730 (iord

541 1774 658 1829 nocte
677 1773 741 1845 ὡνὴρ
758 1772 933 1842 ἐνδοξότατος,
958 1769 1039 1841 ὄνομα
1060 1770 1130 1844 αὐτῷ
1152 1772 1303 1826 nominoe.
1334 1767 1513 1827 Fossiciae.
1557 1771 1646 1827 Com-

542 1866 648 1925 modus
675 1865 829 1944 imperium
856 1875 923 1944 post
947 1875 1060 1943 petrem
1087 1863 1155 1921 iniit
1182 1882 1229 1921 an.
1252 1864 1318 1920 180.
1353 1864 1478 1921 Severus
1501 1883 1549 1921 au.
1578 1881 1643 1940 19³·

543 1959 693 2019 Gmoalls
712 1979 779 2019 oum
798 1970 882 2039 patre
902 1958 1012 2019 Severo
1032 1980 1079 2018 an.
1096 1961 1161 2035 198.
1182 1968 1250 2038 post
1270 1969 1382 2037 patrem
1403 1969 1500 2018 autem
1515 1978 1563 2018 an.
1576 1976 1644 2018 air.

543 2056 660 2114 Interea
673 2055 719 2112 vix
734 2054 794 2124 ille,
809 2055 860 2133 qui
874 2056 928 2116 sub
941 2056 988 2115 his
1000 2058 1089 2116 vitam
1105 2056 1197 2133 egerit
1211 2053 1400 2134 principibus,
1415 2055 1471 2113 etsi
1485 2054 1644 2116 Pantanus

543 2150 704 2210 Clementis
725 2150 925 2221 Alexandrini,
940 2161 1016 2209 teste
1037 2151 1101 2230 ipso
1122 2150 1283 2216 Clemente,
1304 2160 1464 2228 praeceptor
1485 2150 1552 2218 fuit,
1573 2170 1643 2229 apo-

542 2246 634 2305 stolos
647 2245 749 2305 audire
762 2255 897 2325 poterat3
919 2248 1003 2323 eujus
1016 2245 1134 2323 quidem
1150 2245 1192 2304 rei
1208 2246 1286 2303 fama
1299 2265 1316 2302 a
1331 2245 1439 2303 Photio
1454 2246 1486 2302 in
1499 2244 1563 2304 cod.
1578 2247 1643 2304 118.

543 2344 720 2401 Bibliotheca
746 2361 806 2401 sure
828 2342 964 2412 refertur,
995 2342 1101 2420 Agunt
1128 2341 1164 2399 de
1191 2361 1227 2400 eo
1255 2340 1466 2419 Martyrologis
1492 2359 1511 2399 a
1537 2342 1643 2418 quibus

541 2439 710 2498 Romanum
725 2437 824 2508 tradit,
837 2438 1009 2496 Pantanum
1023 2440 1338 2496 dmmmAleoondriom
1349 2455 1486 2495 reomoum
1495 2439 1545 2495 oui
1555 2437 1643 2496 Anto·

541 2540 597 2595 tino
614 2535 768 2633 Corofollo
782 2537 810 2591 in
824 2553 894 2610 poce
907 2536 1046 2609 quievisse.
