4359 5150
593 455 659 520 aio
941 451 1179 534 namnum
1203 452 1375 518 anunm.

595 620 728 715 Σίμων,
751 616 833 694 ὅθεν
856 620 889 692 oi
914 615 1140 711 Σιμωνιανοί·
1171 617 1229 691 καὶ
1254 611 1444 711 Κλεόβιος,
1462 613 1546 702 ὅθεν
1571 620 1686 695 Κλεο·

594 751 723 853 βιηνοί·
754 755 813 829 καὶ
841 750 1029 844 Δοσίθεος,
1058 747 1141 826 ὅθεν
1165 750 1389 826 Δοσιθιανοί·
1420 752 1480 828 καὶ
1510 754 1690 852 Γορθαῖος,

595 888 676 967 ὅθεν
711 886 929 986 Γορθηωνοί·
951 885 1029 961 ’καὶ
1057 880 1301 977 Μασβιῦθεος,
1325 879 1407 960 ὅθεν
1436 885 1690 977 Μασβωθαῶι·

595 1020 667 1101 ἀπὸ
694 1020 830 1099 τούτων
860 1020 1198 1119 Μενανδριανισταὶ,
1221 1019 1279 1094 καὶ
1311 1021 1598 1118 Μαρκιωνισταὶ,
1626 1038 1691 1110 (for.

597 1170 816 1252 Μαρκανισταὶ,
839 1175 898 1233 vid.
922 1176 1034 1247 notam)
1066 1155 1125 1230 καὶ
1152 1152 1472 1252 Καρποκρατιανοί·
1503 1154 1563 1230 καὶ
1589 1155 1689 1231 Οῦα·
1701 1197 1713 1255 5

597 1289 816 1383 λεντινιανοῖ,
835 1291 893 1365 καὶ
912 1287 1187 1381 Βασιλειδιανοὶ,
1205 1289 1264 1361 καὶ
1290 1287 1575 1387 Σατορνιλιανοί·
1606 1289 1687 1367 ἕκα·

597 1456 686 1505 στος
719 1423 814 1506 ἰδίως
846 1424 904 1499 καὶ
937 1420 1062 1521 ἑτέρως
1093 1421 1184 1499 ἰδίαν
1217 1420 1328 1527 δόξαν
1353 1424 1690 1525 παρεισηγάγησαν.

597 1554 669 1636 ἀπὸ
683 1555 817 1635 τούτων
827 1554 1096 1660 ψευδόχριστοι·
1112 1558 1423 1661 ψευδοπροφῆται·
1440 1560 1696 1660 ψευδαπόστος

597 1702 670 1770 λοι·
701 1690 738 1769 οἵ
752 1724 843 1773 τινες
861 1688 1029 1790 ἐμέρισαν
1047 1687 1114 1786 τὴν
1128 1690 1257 1769 ἕνωσιν
1274 1694 1338 1788 τῆς
1356 1694 1551 1789 ἐκκλησίας
1571 1701 1695 1800 φθορι-

596 1825 712 1922 μαίοις
723 1822 847 1924 λόγοις
858 1820 950 1901 κατὰ
962 1831 1026 1900 τοῦ
1038 1828 1134 1901 Θεοῦ
1148 1827 1206 1901 καὶ
1218 1822 1311 1902 κατὰ
1323 1833 1387 1904 τοῦ
1397 1830 1564 1927 Χριστοῦ
1578 1830 1695 1910 αὐτοῦ.
1709 1871 1735 1909 ιο

598 1958 672 2017 Haec
686 1958 771 2017 affert
787 1958 933 2016 Eusebius
946 1957 997 2016 lib.
1013 1957 1053 2015 iv.
1070 1958 1149 2016 Hiar.
1161 1979 1186 2017 o.
1201 1978 1247 2015 22.

598 2155 649 2231 qui
685 2152 844 2211 Simoniani
879 2151 1051 2223 fluxerunt5
1091 2163 1122 2210 et
1173 2153 1373 2222 saturniliani,
1405 2155 1513 2234 aliique
1540 2159 1591 2235 qni
1622 2180 1698 2218 seor·

599 2232 745 2299 Cleobins,
771 2252 787 2290 a
811 2252 869 2308 quo
893 2232 1062 2291 Cleobiani:
1091 2243 1123 2290 et
1173 2252 1236 2290 sum
1261 2234 1368 2311 singuli
1392 2237 1523 2314 proprias
1546 2239 1699 2317 opiniones

598 2314 794 2378 Dositheus,a
808 2332 866 2388 quo
882 2312 1073 2369 Dositheani:
1092 2322 1123 2370 et
1172 2312 1360 2371 induxerunt.
1405 2315 1454 2372 Ex
1481 2317 1518 2375 iis
1544 2320 1603 2376 orti
1631 2330 1700 2378 sunt

599 2393 757 2458 Gortheus,
782 2411 878 2468 aquo
901 2392 1066 2450 Gortheni:
1092 2403 1124 2450 et
1175 2392 1402 2459 Pseudochristi.
1422 2395 1737 2477 pseudoprophetam

599 2472 797 2538 Masbotheus.
825 2491 842 2528 a
869 2491 927 2548 qno
956 2471 1124 2530 Masbotlrei
1176 2472 1417 2548 Pseudapostoli:
1440 2476 1489 2553 qui
1505 2476 1700 2538 adulterinam

598 2562 668 2612 sunt
682 2552 892 2629 cognominati:
913 2551 962 2608 Ex
976 2551 1022 2609 his
1036 2552 1123 2611 etiam
1174 2552 1345 2612 invehentes
1373 2554 1533 2614 doctrinam
1563 2557 1701 2618 adversus

599 2643 754 2690 manarunt
770 2632 983 2697 lllonandriani,
996 2642 1025 2689 et
1041 2632 1122 2689 Mar·
1176 2633 1273 2691 Deum
1308 2645 1338 2692 et
1375 2635 1513 2694 adversus
1551 2637 1701 2697 Christum

600 2713 738 2776 cionistae,
770 2724 799 2769 et
835 2712 1061 2789 Carpocratiani,
1095 2723 1125 2769 et
1176 2714 1249 2790 ejus,
1266 2715 1407 2773 unitatem
1427 2716 1557 2774 ecclesian
1577 2718 1701 2777 discide-

601 2791 812 2855 Valentininui,
838 2804 867 2849 et
889 2791 1069 2858 Basilidiant
1096 2804 1125 2849 et
1177 2804 1255 2850 runt.
1712 2806 1742 2846 ιο

1044 2976 1260 3025 -4—

883 3141 934 3202 Εο
948 3141 1059 3203 incerto
1075 3140 1150 3203 libro
1165 3141 1294 3223 ojusdem
1312 3141 1427 3224 Operis.

645 3293 790 3356 Ἀκοῦσαι
811 3291 894 3372 γέτοι
916 3291 1041 3371 πάρεστι
1068 3302 1178 3377 (inquit
1200 3303 1356 3367 Eusebius,
1379 3304 1428 3361 ubi
1451 3324 1549 3382 supra,
1572 3308 1704 3383 proxime

604 3427 671 3471 ante
685 3417 732 3483 τὴν
744 3415 822 3486 ῥῆσιν
832 3414 891 3488 jam
905 3404 1086 3485 secuturam)
1110 3405 1185 3483 μετά
1200 3432 1266 3468 τινα
1280 3407 1347 3485 περὶ
1367 3410 1416 3484 τῆς
1437 3406 1612 3485 Κλήμεντος
1632 3411 1705 3490 πρὸς

606 3516 782 3596 Κορινθίους
801 3519 958 3595 ἐπιπολῆς
974 3517 1051 3600 αὐτῷ
1073 3516 1219 3595 εἰρημένα,
1237 3518 1432 3599 ἐπιλέγοντος
1455 3530 1508 3600 (so.
1525 3528 1703 3608 Hegesippi)

605 3647 705 3704 ταῦτα·
743 3630 815 3705 Kal
833 3626 998 3724 ἐπέμενεν
1015 3629 1037 3725 ἡ
1056 3631 1229 3727 ἐκκλησία
1248 3631 1270 3727 ἡ
1292 3633 1491 3732 Κορινθίων
1512 3653 1563 3709 ἃς,
1608 3650 1747 3735 Ense-25

605 3772 670 3829 bius
684 3791 799 3847 quoque
814 3770 863 3827 lib.
879 3770 920 3825 iii.
938 3770 1018 3827 Hist.
1035 3791 1060 3827 c.
1078 3771 1123 3827 16.
1168 3765 1225 3826 Kal
1240 3766 1286 3827 ὅτι
1301 3790 1337 3845 γε
1354 3769 1427 3828 κατὰ
1447 3765 1499 3828 τὸν
1520 3769 1706 3847 δηλούμενον

608 3876 662 3950 (sc.
679 3876 873 3946 Clementem)
899 3877 935 3936 τὰ
958 3879 1007 3953 τῆς
1031 3879 1195 3955 Κορινθίων
1222 3878 1354 3955 κεκίνητο
1379 3877 1523 3955 στάσεως,
1547 3880 1707 3963 ἀξιόχρεως

606 3980 714 4060 μάρτυς
730 3979 956 4062 ὁἩγήσιππος.

644 4204 719 4285 lolem
732 4215 873 4285 postquam
891 4204 923 4257 de
941 4204 1084 4259 Clementis
1097 4206 1130 4258 ad
1182 4213 1340 4288 permansit
1364 4215 1590 4273 &eff-Porro
1615 4238 1706 4290 supra.

607 4273 761 4356 COHmhiqS
783 4276 893 4344 eplsst⁰l³
914 4275 1036 4355 qua‘daffl
1058 4294 1131 4357 ⁰⁰11?
1183 4289 1245 4344 dicti
1259 4290 1403 4343 Clementis
1415 4300 1534 4359 tempore
1551 4289 1707 4344 seditionem
1716 4314 1749 4369 30

606 4355 771 4407 wemmam,
784 4345 841 4398 haec
861 4344 943 4434 adffl}
961 4362 1095 4430 quaeJ¹⁰⁵3
1109 4364 1130 4398 ⁸¹
1181 4361 1250 4413 inter
1275 4360 1428 4413 Corinthios
1454 4378 1511 4413 esse
1536 4370 1705 4422 commotam,

607 4424 701 4492 placet,
719 4424 866 4477 audiamus.
905 4416 946 4472 Et
962 4418 1129 4474 Corlnthlo·
1181 4431 1405 4500 locupletissimus
1421 4432 1496 4485 testis
1516 4439 1557 4484 est
1577 4430 1705 4501 Hegesip·

608 4513 681 4560 rum,
694 4503 789 4572 inquit,
803 4495 923 4553 ecclesia
937 4496 967 4552 in
982 4507 1060 4553 recta
1075 4497 1132 4555 fide
1182 4518 1243 4569 pus.
