4359 5150
580 445 645 507 uu
916 442 1151 523 παυσατο
1176 442 1347 507 suuuu.

578 605 842 701 βαπτίσματος·
872 608 909 682 ἓν
928 603 980 687 οἷς
999 602 1117 681 διὰτὸ
1137 601 1259 683 ἀτελὲς
1277 600 1319 679 τὸ
1338 599 1430 679 κατὰ
1447 599 1572 700 σάρκα
1594 602 1683 680 ἀπε·

581 738 697 841 κράβη
725 737 771 817 τά
798 745 931 836 σημεῖα
958 742 1021 836 τῆς
1049 740 1158 816 αὐτοῦ
1186 736 1377 836 θεότητος·
1408 738 1470 814 καί
1494 770 1566 837 περ
1594 735 1687 818 Θεὸς

582 872 721 970 ἀληθὴς
738 872 950 973 προοιώνιος
969 870 1147 976 ὑπάρχων.
1179 891 1253 948 Haec
1267 889 1368 947 attulit
1379 887 1552 945 Anastasius
1563 887 1686 953 Sinaitu,

579 1008 610 1064 iu
628 1006 753 1083 Hadego
766 1027 828 1074 suo,
844 1027 895 1064 seu
913 1007 995 1064 Duce
1014 1006 1080 1075 Viae,
1094 1009 1199 1066 Contra
1216 1006 1385 1082 Acephalot,
1400 1024 1425 1060 c.
1436 1003 1499 1061 xiii.
1515 1023 1543 1081 p.
1560 1003 1628 1060 260.
1642 1002 1686 1061 ed.

584 1112 725 1171 Gretseri.
1698 1121 1713 1177 5

581 1283 677 1330 trata:
700 1272 910 1329 humanitatem
933 1292 1001 1327 vero
1024 1292 1105 1329 suam
1158 1270 1275 1346 tegebat
1304 1279 1334 1326 et
1359 1266 1554 1325 abscondebat
1582 1266 1687 1323 diviui-

582 1351 705 1430 triginta
731 1350 788 1409 illis
818 1351 901 1407 aunis
931 1351 1106 1426 baptismum
1159 1350 1227 1407 tutis
1245 1349 1336 1426 signu,
1351 1347 1468 1405 tametsi
1486 1366 1588 1404 revera
1606 1346 1688 1404 Deus

582 1430 765 1508 antegressis,
780 1431 887 1507 quibus
903 1430 997 1488 carnis
1010 1430 1109 1488 vilitas
1159 1440 1235 1487 esset
1249 1428 1454 1506 sempiternus.

850 1789 903 1845 ux
925 1788 1123 1846 suuuouu
1146 1789 1198 1844 uu
1219 1787 1428 1848 iussiouu.

769 1936 825 1993 uu
847 1936 941 1993 τος
963 1921 1121 1994 Λοτοτ
1145 1937 1219 1994 uix
1242 1935 1303 1994 το
1328 1930 1504 1993 πΑοοΣ.
1702 1963 1755 2001 ‚0

641 2066 689 2144 ‘O
717 2063 810 2149 Θεὸς
839 2066 1016 2146 πέπονθεν
1044 2063 1113 2146 ὑπὸ
1142 2066 1260 2172 δεξίας
1286 2065 1561 2166 Ἰσραηλίτιδος.
1625 2085 1689 2143 Hoc

587 2201 758 2259 Anastasius
773 2201 874 2258 ibidem
889 2201 1013 2279 protulit
1027 2222 1089 2279 cap.
1099 2202 1150 2260 xii.
1167 2222 1196 2279 p.
1209 2203 1275 2258 216.

625 2328 700 2383 Deua
713 2345 809 2398 passus
821 2337 861 2382 est
873 2345 889 2381 a
901 2328 992 2382 dextra
1006 2328 1168 2383 israelitidis.

906 2682 1102 2750 QUATUOR
1125 2680 1375 2737 FRAGMENTA

997 2826 1101 2880 uuuu
1122 2825 1287 2879 lucuuu.
1705 2840 1746 2896 15

1129 2947 1155 3010 l.

651 3077 723 3151 Καὶ
743 3075 761 3151 ὁ
784 3073 915 3173 Κύριος
934 3075 1033 3170 ἡμῶν
1051 3077 1194 3172 Ἰησοῦς
1214 3072 1374 3176 Χριστὸς
1393 3076 1440 3154 ὡς
1459 3071 1556 3172 κριὸς
1581 3075 1692 3169 ἐδέθη,

593 3211 652 3287 καὶ
670 3212 718 3290 ὡς
732 3207 843 3303 ἀμνὸς
862 3206 978 3307 ε’κάρη,
994 3213 1050 3287 καὶ
1069 3212 1142 3293 ”uic
1155 3208 1342 3311 πρόβατον
1360 3214 1406 3288 εἷς
1421 3207 1573 3311 σφαγὴν
1588 3207 1693 3309 ἤχθη,

593 3345 652 3420 καὶ
677 3343 724 3424 ὠς
754 3340 875 3439 ἀμνὸς,
898 3360 961 3453 [for
991 3363 1024 3418 ὡς
1051 3362 1076 3416 ἀ.
1102 3356 1237 3449 delent]
1268 3339 1489 3442 ἐσταυρώθη·
1520 3342 1578 3416 καὶ
1604 3341 1690 3432 ε’βά·

594 3509 712 3553 στασε
731 3473 773 3551 τὸ
792 3475 904 3579 ξύλον
924 3477 980 3554 ἐπὶ
999 3483 1072 3558 τοῖς
1092 3479 1199 3572 ὠμοῖς
1218 3477 1335 3570 αὐτοῦ,
1355 3472 1572 3573 ἀναγόμενος
1595 3480 1694 3578 σφα-

593 3613 701 3710 γῆναι
719 3609 766 3690 ὠς
783 3608 912 3687 Ἰσαάκ
932 3608 1000 3688 ὑπὸ
1020 3618 1083 3687 τοῦ
1107 3609 1243 3712 πατρὸς
1262 3610 1379 3687 αὐτοῦ.
1406 3607 1507 3685 ἀλλά
1533 3609 1694 3709 Χριστὸς
1705 3633 1744 3673 2⁰

594 3743 736 3822 ἔπαθεν·
752 3743 879 3823 Ἰσαάκ
893 3742 930 3825 δὲ
946 3747 1008 3823 οὐκ
1020 3746 1138 3825 ἔπαθε·
1157 3745 1268 3827 τόπος
1281 3742 1352 3844 γὰρ
1366 3741 1410 3842 ἧν
1421 3751 1483 3820 τοῦ
1495 3742 1696 3839 μέλλοντος

636 3953 734 4028 Atque
753 3954 895 4012 Dominus
916 3964 1014 4011 noster
1032 3954 1120 4011 Jesus
1171 3954 1280 4029 liguum
1315 3953 1452 4016 humeris,
1488 3952 1633 4011 abductus
1663 3966 1694 4011 ut

596 4030 731 4090 Christus
746 4034 820 4090 sicut
839 4035 913 4091 aries
932 4035 1047 4091 vinctus
1065 4046 1119 4098 est,
1170 4033 1359 4096 occideretur.
1381 4033 1457 4090 sicut
1479 4033 1560 4090 Isaac
1579 4053 1596 4090 a
1614 4044 1694 4110 patre.

595 4122 626 4169 et
650 4112 726 4169 sicut
758 4134 849 4190 ugnus
877 4124 979 4172 tonsus
1007 4126 1060 4179 est,
1090 4126 1120 4171 et
1171 4134 1234 4171 suo.
1278 4112 1335 4173 sed
1359 4113 1493 4170 Christus
1511 4133 1613 4190 passus
1630 4124 1692 4181 est;

596 4190 672 4249 sieut
690 4193 752 4249 ovis
773 4193 809 4250 ud
823 4195 995 4251 occisionem
1016 4195 1121 4251 ductus
1173 4194 1252 4251 Isaac
1282 4205 1377 4250 autem
1409 4213 1466 4249 uon
1498 4205 1542 4250 est
1574 4213 1730 4274 pussus;25

596 4282 641 4328 est
655 4283 742 4347 atque
763 4273 924 4339 crucifixus,
945 4285 975 4332 et
996 4275 1121 4353 portavit
1172 4285 1260 4352 typus
1274 4275 1350 4331 euim
1371 4285 1432 4330 erut
1450 4273 1560 4330 Christi
1583 4273 1691 4351 patieu-

1082 4467 1096 4494 ὓ
1111 4457 1137 4503 iu.
1153 4457 1176 4503 li.
1194 4471 1213 4518 7.
1228 4448 1266 4489 vss
