<?xml version="1.0" encoding="UTF-8"?>
<!DOCTYPE html PUBLIC "-//W3C//DTD XHTML 1.0 Transitional//EN"
    "http://www.w3.org/TR/xhtml1/DTD/xhtml1-transitional.dtd">
<html xmlns="http://www.w3.org/1999/xhtml" xml:lang="en" lang="en">
 <head>
  <title>
</title>
<meta http-equiv="Content-Type" content="text/html;charset=utf-8" />
  <meta name='ocr-system' content='tesseract 3.04.00' />
  <meta name='ocr-capabilities' content='ocr_page ocr_carea ocr_par ocr_line ocrx_word'/>
</head>
<body>
  <div class='ocr_page' id='page_1' title='image "./reliquiaesacrae04routgoog_0114.png"; bbox 0 0 4359 5150; ppageno 0'>
   <div class='ocr_carea' id='block_1_1' title="bbox 541 443 1284 509">
    <p class='ocr_par' dir='ltr' id='par_1_1' title="bbox 541 443 1284 509">
     <span class='ocr_line' id='line_1_1' title="bbox 541 443 1284 509; baseline 0.003 -3"><span class='ocrx_word' id='word_1_1' title='bbox 541 444 584 507; x_wconf 76' lang='lat'><strong>62</strong></span> <span class='ocrx_word' id='word_1_2' title='bbox 929 443 1284 509; x_wconf 83' lang='lat' dir='ltr'><strong>ANNOTATIONES</strong></span> 
     </span>
    </p>
   </div>
   <div class='ocr_carea' id='block_1_2' title="bbox 537 612 1640 1104">
    <p class='ocr_par' dir='ltr' id='par_1_2' title="bbox 537 612 1640 1104">
     <span class='ocr_line' id='line_1_2' title="bbox 540 612 1640 697; baseline 0 -22"><span class='ocrx_word' id='word_1_3' title='bbox 540 612 629 675; x_wconf 63' lang='lat' dir='ltr'><strong>nadre</strong></span> <span class='ocrx_word' id='word_1_4' title='bbox 653 634 720 674; x_wconf 82' lang='lat' dir='ltr'><strong>cam</strong></span> <span class='ocrx_word' id='word_1_5' title='bbox 745 612 795 685; x_wconf 71' lang='lat' dir='ltr'><strong>eit,</strong></span> <span class='ocrx_word' id='word_1_6' title='bbox 820 632 883 673; x_wconf 91' lang='lat' dir='ltr'><strong>non</strong></span> <span class='ocrx_word' id='word_1_7' title='bbox 909 613 1051 690; x_wconf 77' lang='grc' dir='ltr'>ἀκεραίως</span> <span class='ocrx_word' id='word_1_8' title='bbox 1079 612 1265 695; x_wconf 69' lang='lat' dir='ltr'><strong>incorrupto,</strong></span> <span class='ocrx_word' id='word_1_9' title='bbox 1289 633 1419 696; x_wconf 77' lang='lat' dir='ltr'><strong>ryaeore.</strong></span> <span class='ocrx_word' id='word_1_10' title='bbox 1466 614 1523 677; x_wconf 89' lang='lat' dir='ltr'><strong>Ita</strong></span> <span class='ocrx_word' id='word_1_11' title='bbox 1548 612 1640 697; x_wconf 81' lang='lat' dir='ltr'><strong>paulo</strong></span> 
     </span>
     <span class='ocr_line' id='line_1_3' title="bbox 540 713 1640 797; baseline 0 -20"><span class='ocrx_word' id='word_1_12' title='bbox 540 720 626 788; x_wconf 87' lang='lat' dir='ltr'><strong>ante,</strong></span> <span class='ocrx_word' id='word_1_13' title='bbox 643 723 676 775; x_wconf 77' lang='lat' dir='ltr'><strong>at</strong></span> <span class='ocrx_word' id='word_1_14' title='bbox 690 713 822 797; x_wconf 66' lang='lat' dir='ltr'><strong>deripiat</strong></span> <span class='ocrx_word' id='word_1_15' title='bbox 836 713 984 778; x_wconf 68' lang='lat' dir='ltr'><strong>madiorea</strong></span> <span class='ocrx_word' id='word_1_16' title='bbox 1030 713 1166 776; x_wconf 80' lang='lat' dir='ltr'><strong>Fnouro</strong></span> <span class='ocrx_word' id='word_1_17' title='bbox 1184 735 1306 776; x_wconf 76' lang='lat' dir='ltr'><strong>nuonue</strong></span> <span class='ocrx_word' id='word_1_18' title='bbox 1325 714 1367 777; x_wconf 83' lang='lat' dir='ltr'><strong>ad</strong></span> <span class='ocrx_word' id='word_1_19' title='bbox 1383 715 1550 778; x_wconf 75' lang='lat' dir='ltr'><strong>Iraroerma.</strong></span> <span class='ocrx_word' id='word_1_20' title='bbox 1595 714 1640 777; x_wconf 89' lang='lat' dir='ltr'><strong>Ut</strong></span> 
     </span>
     <span class='ocr_line' id='line_1_4' title="bbox 540 814 1638 899; baseline 0.001 -23"><span class='ocrx_word' id='word_1_21' title='bbox 540 815 666 899; x_wconf 82' lang='lat' dir='ltr'><strong>legatur</strong></span> <span class='ocrx_word' id='word_1_22' title='bbox 690 814 750 877; x_wconf 90' lang='lat' dir='ltr'><strong>hoe</strong></span> <span class='ocrx_word' id='word_1_23' title='bbox 774 815 844 878; x_wconf 89' lang='lat' dir='ltr'><strong>looo</strong></span> <span class='ocrx_word' id='word_1_24' title='bbox 866 814 1003 895; x_wconf 77' lang='grc' dir='ltr'>ἀκέραιος</span> <span class='ocrx_word' id='word_1_25' title='bbox 1031 814 1083 891; x_wconf 74' lang='grc' dir='ltr'><strong>ὧν,</strong></span> <span class='ocrx_word' id='word_1_26' title='bbox 1108 815 1187 879; x_wconf 80' lang='lat' dir='ltr'><strong>eoite</strong></span> <span class='ocrx_word' id='word_1_27' title='bbox 1209 815 1333 879; x_wconf 88' lang='lat' dir='ltr'><strong>monuit</strong></span> <span class='ocrx_word' id='word_1_28' title='bbox 1355 816 1404 879; x_wconf 87' lang='lat' dir='ltr'><strong>vir</strong></span> <span class='ocrx_word' id='word_1_29' title='bbox 1429 815 1638 891; x_wconf 76' lang='lat' dir='ltr'><strong>doctissimus,</strong></span> 
     </span>
     <span class='ocr_line' id='line_1_5' title="bbox 537 916 1638 1002; baseline 0.001 -22"><span class='ocrx_word' id='word_1_30' title='bbox 537 916 668 1001; x_wconf 90' lang='lat' dir='ltr'><strong>jamque</strong></span> <span class='ocrx_word' id='word_1_31' title='bbox 690 917 811 1002; x_wconf 81' lang='lat' dir='ltr'><strong>aliquot</strong></span> <span class='ocrx_word' id='word_1_32' title='bbox 834 938 935 980; x_wconf 82' lang='lat' dir='ltr'><strong>annos</strong></span> <span class='ocrx_word' id='word_1_33' title='bbox 952 916 1120 1001; x_wconf 80' lang='lat' dir='ltr'><strong>epiaoopue</strong></span> <span class='ocrx_word' id='word_1_34' title='bbox 1139 916 1358 992; x_wconf 78' lang='lat' dir='ltr'><strong>Londineneie‚</strong></span> <span class='ocrx_word' id='word_1_35' title='bbox 1374 918 1408 980; x_wconf 93' lang='lat' dir='ltr'><strong>in</strong></span> <span class='ocrx_word' id='word_1_36' title='bbox 1423 916 1514 981; x_wconf 68' lang='lat' dir='ltr'><strong>Lite.</strong></span> <span class='ocrx_word' id='word_1_37' title='bbox 1529 918 1638 981; x_wconf 74' lang='lat' dir='ltr'><strong>Boron·</strong></span> 
     </span>
     <span class='ocr_line' id='line_1_6' title="bbox 540 1019 1372 1104; baseline 0.001 -21"><span class='ocrx_word' id='word_1_38' title='bbox 540 1020 697 1094; x_wconf 62' lang='grc' dir='ltr'><strong>11111111,ουὶ</strong></span> <span class='ocrx_word' id='word_1_39' title='bbox 714 1042 829 1085; x_wconf 90' lang='lat' dir='ltr'><strong>nomen</strong></span> <span class='ocrx_word' id='word_1_40' title='bbox 847 1020 908 1084; x_wconf 64' lang='grc'><strong>1116</strong></span> <span class='ocrx_word' id='word_1_41' title='bbox 925 1019 1089 1104; x_wconf 74' lang='lat' dir='ltr'><strong>Quarterly</strong></span> <span class='ocrx_word' id='word_1_42' title='bbox 1104 1020 1238 1093; x_wconf 64' lang='lat' dir='ltr'><strong>Roriam</strong></span> <span class='ocrx_word' id='word_1_43' title='bbox 1256 1019 1326 1084; x_wconf 92' lang='lat' dir='ltr'><strong>Vol.</strong></span> <span class='ocrx_word' id='word_1_44' title='bbox 1344 1021 1372 1084; x_wconf 91' lang='lat'><strong>1.</strong></span> 
     </span>
    </p>
   </div>
   <div class='ocr_carea' id='block_1_3' title="bbox 1070 1223 1121 1291">
    <p class='ocr_par' dir='ltr' id='par_1_3' title="bbox 1070 1223 1121 1291">
     <span class='ocr_line' id='line_1_7' title="bbox 1070 1223 1121 1291; baseline 0 0"><span class='ocrx_word' id='word_1_45' title='bbox 1070 1223 1121 1291; x_wconf 92' lang='grc' dir='ltr'><strong>ΙΙ.</strong></span> 
     </span>
    </p>
   </div>
   <div class='ocr_carea' id='block_1_4' title="bbox 467 1382 1642 2385">
    <p class='ocr_par' dir='ltr' id='par_1_4' title="bbox 542 1382 1638 1571">
     <span class='ocr_line' id='line_1_8' title="bbox 587 1382 1638 1470; baseline -0.002 -19"><span class='ocrx_word' id='word_1_46' title='bbox 587 1386 669 1451; x_wconf 93' lang='lat' dir='ltr'><strong>Ibid.</strong></span> <span class='ocrx_word' id='word_1_47' title='bbox 686 1384 708 1449; x_wconf 92' lang='lat' dir='ltr'><strong>l.</strong></span> <span class='ocrx_word' id='word_1_48' title='bbox 725 1405 772 1468; x_wconf 90' lang='lat'><strong>19.</strong></span> <span class='ocrx_word' id='word_1_49' title='bbox 798 1384 972 1447; x_wconf 80' lang='lat' dir='ltr'><strong>Sornrror</strong></span> <span class='ocrx_word' id='word_1_50' title='bbox 995 1382 1111 1470; x_wconf 79' lang='lat' dir='ltr'><strong>ueris]</strong></span> <span class='ocrx_word' id='word_1_51' title='bbox 1137 1383 1228 1448; x_wconf 86' lang='lat' dir='ltr'>Idem</span> <span class='ocrx_word' id='word_1_52' title='bbox 1249 1405 1335 1461; x_wconf 82' lang='lat' dir='ltr'><strong>eane,</strong></span> <span class='ocrx_word' id='word_1_53' title='bbox 1351 1384 1442 1470; x_wconf 87' lang='lat' dir='ltr'><strong>oujue</strong></span> <span class='ocrx_word' id='word_1_54' title='bbox 1459 1384 1562 1449; x_wconf 78' lang='lat' dir='ltr'><strong>simile</strong></span> <span class='ocrx_word' id='word_1_55' title='bbox 1581 1384 1638 1449; x_wconf 88' lang='lat' dir='ltr'><strong>dio-</strong></span> 
     </span>
     <span class='ocr_line' id='line_1_9' title="bbox 542 1484 1588 1571; baseline -0.002 -20"><span class='ocrx_word' id='word_1_56' title='bbox 542 1496 612 1551; x_wconf 88' lang='lat' dir='ltr'><strong>tum</strong></span> <span class='ocrx_word' id='word_1_57' title='bbox 630 1487 788 1571; x_wconf 79' lang='lat' dir='ltr'>allegatur</span> <span class='ocrx_word' id='word_1_58' title='bbox 803 1484 836 1547; x_wconf 93' lang='lat' dir='ltr'><strong>in</strong></span> <span class='ocrx_word' id='word_1_59' title='bbox 852 1484 1015 1549; x_wconf 88' lang='lat' dir='ltr'><strong>Prooemio</strong></span> <span class='ocrx_word' id='word_1_60' title='bbox 1028 1484 1101 1548; x_wconf 87' lang='lat' dir='ltr'>libri</span> <span class='ocrx_word' id='word_1_61' title='bbox 1118 1486 1146 1549; x_wconf 91' lang='lat'><strong>1.</strong></span> <span class='ocrx_word' id='word_1_62' title='bbox 1192 1486 1350 1549; x_wconf 75' lang='lat' dir='ltr'><strong>Gnnmus</strong></span> <span class='ocrx_word' id='word_1_63' title='bbox 1365 1486 1408 1549; x_wconf 83' lang='lat' dir='ltr'><strong>ad</strong></span> <span class='ocrx_word' id='word_1_64' title='bbox 1423 1487 1588 1551; x_wconf 77' lang='lat' dir='ltr'><strong>Imaeum.</strong></span> 
     </span>
    </p>

    <p class='ocr_par' dir='ltr' id='par_1_5' title="bbox 467 1584 1642 2385">
     <span class='ocr_line' id='line_1_10' title="bbox 586 1584 1638 1671; baseline -0.003 -19"><span class='ocrx_word' id='word_1_65' title='bbox 586 1588 670 1652; x_wconf 91' lang='lat' dir='ltr'><strong>Ibid.</strong></span> <span class='ocrx_word' id='word_1_66' title='bbox 685 1588 705 1651; x_wconf 93' lang='grc'><strong>1.</strong></span> <span class='ocrx_word' id='word_1_67' title='bbox 720 1607 771 1652; x_wconf 88' lang='lat'><strong>20.</strong></span> <span class='ocrx_word' id='word_1_68' title='bbox 792 1584 980 1650; x_wconf 86' lang='lat' dir='ltr'><strong>veritatem:</strong></span> <span class='ocrx_word' id='word_1_69' title='bbox 1007 1588 1048 1649; x_wconf 88' lang='lat' dir='ltr'><strong>In</strong></span> <span class='ocrx_word' id='word_1_70' title='bbox 1065 1586 1128 1650; x_wconf 91' lang='lat' dir='ltr'><strong>Dei</strong></span> <span class='ocrx_word' id='word_1_71' title='bbox 1147 1586 1243 1671; x_wconf 84' lang='lat' dir='ltr'><strong>laete]</strong></span> <span class='ocrx_word' id='word_1_72' title='bbox 1281 1586 1334 1651; x_wconf 90' lang='lat' dir='ltr'><strong>Sio</strong></span> <span class='ocrx_word' id='word_1_73' title='bbox 1359 1588 1429 1651; x_wconf 91' lang='lat' dir='ltr'><strong>ood.</strong></span> <span class='ocrx_word' id='word_1_74' title='bbox 1445 1588 1638 1652; x_wconf 81' lang='lat' dir='ltr'><strong>Claromont.</strong></span> 
     </span>
     <span class='ocr_line' id='line_1_11' title="bbox 540 1688 1639 1772; baseline -0.001 -18"><span class='ocrx_word' id='word_1_75' title='bbox 540 1690 660 1764; x_wconf 83' lang='lat' dir='ltr'><strong>melius,</strong></span> <span class='ocrx_word' id='word_1_76' title='bbox 676 1689 709 1752; x_wconf 94' lang='lat' dir='ltr'><strong>ni</strong></span> <span class='ocrx_word' id='word_1_77' title='bbox 723 1688 825 1761; x_wconf 75' lang='lat' dir='ltr'><strong>failor,</strong></span> <span class='ocrx_word' id='word_1_78' title='bbox 842 1709 938 1772; x_wconf 86' lang='lat' dir='ltr'><strong>quam</strong></span> <span class='ocrx_word' id='word_1_79' title='bbox 953 1688 1070 1752; x_wconf 79' lang='lat' dir='ltr'><strong>ceteri:</strong></span> <span class='ocrx_word' id='word_1_80' title='bbox 1095 1689 1258 1754; x_wconf 71' lang='lat' dir='ltr'><strong>Veritatem</strong></span> <span class='ocrx_word' id='word_1_81' title='bbox 1269 1691 1338 1754; x_wconf 78' lang='lat' dir='ltr'><strong>Dei.</strong></span> <span class='ocrx_word' id='word_1_82' title='bbox 1351 1692 1454 1755; x_wconf 75' lang='lat' dir='ltr'><strong>Laeto.</strong></span> <span class='ocrx_word' id='word_1_83' title='bbox 1501 1691 1567 1755; x_wconf 89' lang='lat' dir='ltr'><strong>Per</strong></span> <span class='ocrx_word' id='word_1_84' title='bbox 1580 1690 1639 1754; x_wconf 91' lang='lat' dir='ltr'><strong>Dei</strong></span> 
     </span>
     <span class='ocr_line' id='line_1_12' title="bbox 539 1789 1640 1877; baseline 0 -20"><span class='ocrx_word' id='word_1_85' title='bbox 539 1793 589 1857; x_wconf 84' lang='lat' dir='ltr'><strong>iao</strong></span> <span class='ocrx_word' id='word_1_86' title='bbox 600 1789 749 1875; x_wconf 82' lang='lat' dir='ltr'><strong>intelligit</strong></span> <span class='ocrx_word' id='word_1_87' title='bbox 760 1789 859 1854; x_wconf 85' lang='lat' dir='ltr'><strong>verba</strong></span> <span class='ocrx_word' id='word_1_88' title='bbox 869 1789 1046 1868; x_wconf 76' lang='lat' dir='ltr'><strong>Catholioa,</strong></span> <span class='ocrx_word' id='word_1_89' title='bbox 1057 1790 1171 1875; x_wconf 83' lang='lat' dir='ltr'><strong>quibus</strong></span> <span class='ocrx_word' id='word_1_90' title='bbox 1187 1791 1303 1854; x_wconf 82' lang='lat' dir='ltr'><strong>erroris</strong></span> <span class='ocrx_word' id='word_1_91' title='bbox 1316 1814 1453 1877; x_wconf 83' lang='lat' dir='ltr'><strong>gypsum</strong></span> <span class='ocrx_word' id='word_1_92' title='bbox 1467 1792 1640 1857; x_wconf 74' lang='lat' dir='ltr'><strong>misoebmt</strong></span> 
     </span>
     <span class='ocr_line' id='line_1_13' title="bbox 539 1890 1641 1975; baseline -0.002 -16"><span class='ocrx_word' id='word_1_93' title='bbox 539 1892 692 1959; x_wconf 84' lang='lat' dir='ltr'><strong>haeretioi.</strong></span> <span class='ocrx_word' id='word_1_94' title='bbox 752 1892 895 1975; x_wconf 81' lang='lat' dir='ltr'><strong>Gypsum</strong></span> <span class='ocrx_word' id='word_1_95' title='bbox 923 1890 1008 1954; x_wconf 90' lang='lat' dir='ltr'><strong>enim</strong></span> <span class='ocrx_word' id='word_1_96' title='bbox 1037 1913 1177 1975; x_wconf 82' lang='lat' dir='ltr'><strong>praesens</strong></span> <span class='ocrx_word' id='word_1_97' title='bbox 1206 1914 1362 1957; x_wconf 88' lang='lat' dir='ltr'><strong>venenum</strong></span> <span class='ocrx_word' id='word_1_98' title='bbox 1394 1892 1514 1958; x_wconf 85' lang='lat' dir='ltr'><strong>habere</strong></span> <span class='ocrx_word' id='word_1_99' title='bbox 1550 1894 1641 1958; x_wconf 87' lang='lat' dir='ltr'><strong>dooet</strong></span> 
     </span>
     <span class='ocr_line' id='line_1_14' title="bbox 467 1992 1641 2077; baseline -0.001 -16"><span class='ocrx_word' id='word_1_100' title='bbox 467 2025 474 2031; x_wconf 88' lang='lat'><strong>·</strong></span> <span class='ocrx_word' id='word_1_101' title='bbox 541 1996 664 2060; x_wconf 84' lang='lat' dir='ltr'>Plinius</span> <span class='ocrx_word' id='word_1_102' title='bbox 679 1994 733 2057; x_wconf 89' lang='lat' dir='ltr'><strong>lib.</strong></span> <span class='ocrx_word' id='word_1_103' title='bbox 746 1992 850 2055; x_wconf 84' lang='lat' dir='ltr'><strong>xxxvi.</strong></span> <span class='ocrx_word' id='word_1_104' title='bbox 868 2014 937 2077; x_wconf 90' lang='lat' dir='ltr'><strong>oap.</strong></span> <span class='ocrx_word' id='word_1_105' title='bbox 952 2012 1003 2072; x_wconf 81' lang='lat'><strong>24.</strong></span> <span class='ocrx_word' id='word_1_106' title='bbox 1049 1993 1189 2077; x_wconf 87' lang='lat' dir='ltr'><strong>Conjioit</strong></span> <span class='ocrx_word' id='word_1_107' title='bbox 1202 1993 1341 2059; x_wconf 78' lang='lat' dir='ltr'><strong>Grabiue</strong></span> <span class='ocrx_word' id='word_1_108' title='bbox 1355 1994 1437 2059; x_wconf 84' lang='lat' dir='ltr'><strong>hano</strong></span> <span class='ocrx_word' id='word_1_109' title='bbox 1451 1995 1641 2060; x_wconf 78' lang='lat' dir='ltr'><strong>sententiam</strong></span> 
     </span>
     <span class='ocr_line' id='line_1_15' title="bbox 541 2093 1641 2184; baseline 0 -22"><span class='ocrx_word' id='word_1_110' title='bbox 541 2099 583 2162; x_wconf 83' lang='lat' dir='ltr'><strong>ad</strong></span> <span class='ocrx_word' id='word_1_111' title='bbox 605 2096 781 2181; x_wconf 75' lang='lat' dir='ltr'><strong>marginem</strong></span> <span class='ocrx_word' id='word_1_112' title='bbox 804 2116 825 2158; x_wconf 85' lang='lat' dir='ltr'><strong>a</strong></span> <span class='ocrx_word' id='word_1_113' title='bbox 846 2093 996 2178; x_wconf 90' lang='lat' dir='ltr'><strong>quopiam</strong></span> <span class='ocrx_word' id='word_1_114' title='bbox 1017 2095 1223 2180; x_wconf 82' lang='lat' dir='ltr'><strong>adseriptam,</strong></span> <span class='ocrx_word' id='word_1_115' title='bbox 1243 2096 1277 2159; x_wconf 89' lang='lat' dir='ltr'><strong>in</strong></span> <span class='ocrx_word' id='word_1_116' title='bbox 1298 2103 1425 2160; x_wconf 85' lang='lat' dir='ltr'><strong>textum</strong></span> <span class='ocrx_word' id='word_1_117' title='bbox 1446 2097 1522 2162; x_wconf 90' lang='lat' dir='ltr'><strong>inde</strong></span> <span class='ocrx_word' id='word_1_118' title='bbox 1543 2098 1641 2184; x_wconf 81' lang='lat' dir='ltr'><strong>irrep</strong></span> 
     </span>
     <span class='ocr_line' id='line_1_16' title="bbox 541 2196 1642 2286; baseline 0 -20"><span class='ocrx_word' id='word_1_119' title='bbox 541 2201 628 2266; x_wconf 77' lang='lat' dir='ltr'><strong>sisse.</strong></span> <span class='ocrx_word' id='word_1_120' title='bbox 674 2199 738 2263; x_wconf 88' lang='lat' dir='ltr'><strong>Sed</strong></span> <span class='ocrx_word' id='word_1_121' title='bbox 759 2196 844 2261; x_wconf 89' lang='lat' dir='ltr'><strong>forte</strong></span> <span class='ocrx_word' id='word_1_122' title='bbox 865 2196 935 2280; x_wconf 86' lang='lat' dir='ltr'><strong>ipsa</strong></span> <span class='ocrx_word' id='word_1_123' title='bbox 956 2198 1052 2261; x_wconf 89' lang='lat' dir='ltr'><strong>verba</strong></span> <span class='ocrx_word' id='word_1_124' title='bbox 1074 2206 1150 2262; x_wconf 82' lang='lat' dir='ltr'><strong>sunt</strong></span> <span class='ocrx_word' id='word_1_125' title='bbox 1171 2198 1295 2283; x_wconf 79' lang='lat' dir='ltr'><strong>antiqui</strong></span> <span class='ocrx_word' id='word_1_126' title='bbox 1318 2198 1410 2274; x_wconf 82' lang='lat' dir='ltr'><strong>illius,</strong></span> <span class='ocrx_word' id='word_1_127' title='bbox 1427 2221 1522 2286; x_wconf 93' lang='lat' dir='ltr'><strong>quem</strong></span> <span class='ocrx_word' id='word_1_128' title='bbox 1544 2202 1642 2267; x_wconf 86' lang='lat' dir='ltr'><strong>taoito</strong></span> 
     </span>
     <span class='ocr_line' id='line_1_17' title="bbox 541 2298 1453 2385; baseline -0.002 -18"><span class='ocrx_word' id='word_1_129' title='bbox 541 2302 668 2368; x_wconf 91' lang='lat' dir='ltr'><strong>nomine</strong></span> <span class='ocrx_word' id='word_1_130' title='bbox 682 2322 766 2385; x_wconf 82' lang='lat' dir='ltr'><strong>saepe</strong></span> <span class='ocrx_word' id='word_1_131' title='bbox 780 2298 899 2383; x_wconf 84' lang='lat' dir='ltr'><strong>aliegat</strong></span> <span class='ocrx_word' id='word_1_132' title='bbox 915 2298 1066 2363; x_wconf 83' lang='lat' dir='ltr'><strong>Irenaeus.</strong></span> <span class='ocrx_word' id='word_1_133' title='bbox 1112 2302 1293 2364; x_wconf 67' lang='lat' dir='ltr'><strong>Mussunr.</strong></span> <span class='ocrx_word' id='word_1_134' title='bbox 1308 2301 1351 2365; x_wconf 89' lang='lat' dir='ltr'><strong>ad</strong></span> <span class='ocrx_word' id='word_1_135' title='bbox 1366 2302 1453 2366; x_wconf 78' lang='lat' dir='ltr'><strong>Iron.</strong></span> 
     </span>
    </p>
   </div>
   <div class='ocr_carea' id='block_1_5' title="bbox 1065 2559 1139 2630">
    <p class='ocr_par' dir='ltr' id='par_1_6' title="bbox 1065 2559 1139 2630">
     <span class='ocr_line' id='line_1_18' title="bbox 1065 2559 1139 2630; baseline -0.027 0"><span class='ocrx_word' id='word_1_136' title='bbox 1065 2559 1139 2630; x_wconf 91' lang='grc' dir='ltr'><strong>ΙΙΙ.</strong></span> 
     </span>
    </p>
   </div>
   <div class='ocr_carea' id='block_1_6' title="bbox 541 2705 1645 2996">
    <p class='ocr_par' dir='ltr' id='par_1_7' title="bbox 541 2705 1645 2996">
     <span class='ocr_line' id='line_1_19' title="bbox 587 2705 1644 2794; baseline -0.002 -24"><span class='ocrx_word' id='word_1_137' title='bbox 587 2709 670 2772; x_wconf 86' lang='lat' dir='ltr'><strong>Ibid.</strong></span> <span class='ocrx_word' id='word_1_138' title='bbox 686 2710 707 2772; x_wconf 92' lang='lat' dir='ltr'><strong>l.</strong></span> <span class='ocrx_word' id='word_1_139' title='bbox 723 2730 772 2794; x_wconf 78' lang='lat'><strong>23.</strong></span> <span class='ocrx_word' id='word_1_140' title='bbox 796 2712 812 2771; x_wconf 89' lang='grc' dir='ltr'>ὁ</span> <span class='ocrx_word' id='word_1_141' title='bbox 832 2711 989 2788; x_wconf 79' lang='grc' dir='ltr'>Κρείσσων</span> <span class='ocrx_word' id='word_1_142' title='bbox 1006 2705 1103 2791; x_wconf 80' lang='grc' dir='ltr'>ἡμῶν]</span> <span class='ocrx_word' id='word_1_143' title='bbox 1140 2705 1218 2787; x_wconf 73' lang='lat' dir='ltr'><strong>Quis</strong></span> <span class='ocrx_word' id='word_1_144' title='bbox 1242 2705 1285 2768; x_wconf 83' lang='lat' dir='ltr'><strong>sit</strong></span> <span class='ocrx_word' id='word_1_145' title='bbox 1305 2705 1356 2768; x_wconf 88' lang='lat' dir='ltr'><strong>ille</strong></span> <span class='ocrx_word' id='word_1_146' title='bbox 1374 2705 1528 2790; x_wconf 87' lang='lat' dir='ltr'><strong>antiquus</strong></span> <span class='ocrx_word' id='word_1_147' title='bbox 1548 2705 1644 2790; x_wconf 84' lang='lat' dir='ltr'><strong>sorip</strong></span> 
     </span>
     <span class='ocr_line' id='line_1_20' title="bbox 542 2807 1645 2894; baseline -0.003 -21"><span class='ocrx_word' id='word_1_148' title='bbox 542 2818 604 2886; x_wconf 83' lang='lat' dir='ltr'><strong>tor,</strong></span> <span class='ocrx_word' id='word_1_149' title='bbox 632 2833 726 2894; x_wconf 90' lang='lat' dir='ltr'><strong>quem</strong></span> <span class='ocrx_word' id='word_1_150' title='bbox 754 2833 838 2894; x_wconf 84' lang='lat' dir='ltr'><strong>saepe</strong></span> <span class='ocrx_word' id='word_1_151' title='bbox 865 2811 979 2873; x_wconf 88' lang='lat' dir='ltr'><strong>laudat</strong></span> <span class='ocrx_word' id='word_1_152' title='bbox 1005 2809 1158 2887; x_wconf 82' lang='lat' dir='ltr'><strong>Irenaeus,</strong></span> <span class='ocrx_word' id='word_1_153' title='bbox 1183 2808 1338 2871; x_wconf 84' lang='lat' dir='ltr'><strong>hactonus</strong></span> <span class='ocrx_word' id='word_1_154' title='bbox 1364 2807 1558 2891; x_wconf 82' lang='lat' dir='ltr'><strong>deprehendi</strong></span> <span class='ocrx_word' id='word_1_155' title='bbox 1582 2829 1645 2871; x_wconf 94' lang='lat' dir='ltr'><strong>non</strong></span> 
     </span>
     <span class='ocr_line' id='line_1_21' title="bbox 541 2909 973 2996; baseline -0.007 -20"><span class='ocrx_word' id='word_1_156' title='bbox 541 2913 656 2996; x_wconf 89' lang='lat' dir='ltr'><strong>potuit.</strong></span> <span class='ocrx_word' id='word_1_157' title='bbox 704 2914 882 2976; x_wconf 62' lang='lat' dir='ltr'><strong>Missum.</strong></span> <span class='ocrx_word' id='word_1_158' title='bbox 898 2909 973 2974; x_wconf 71' lang='lat' dir='ltr'><strong>itia.</strong></span> 
     </span>
    </p>
   </div>
   <div class='ocr_carea' id='block_1_7' title="bbox 1059 3113 1125 3185">
    <p class='ocr_par' dir='ltr' id='par_1_8' title="bbox 1059 3113 1125 3185">
     <span class='ocr_line' id='line_1_22' title="bbox 1059 3113 1125 3185; baseline -0.015 -1"><span class='ocrx_word' id='word_1_159' title='bbox 1059 3113 1125 3185; x_wconf 91' lang='lat' dir='ltr'><strong>IV.</strong></span> 
     </span>
    </p>
   </div>
   <div class='ocr_carea' id='block_1_8' title="bbox 540 3250 1650 4567">
    <p class='ocr_par' dir='ltr' id='par_1_9' title="bbox 540 3250 1649 3953">
     <span class='ocr_line' id='line_1_23' title="bbox 586 3250 1645 3346; baseline 0.001 -24"><span class='ocrx_word' id='word_1_160' title='bbox 586 3259 623 3323; x_wconf 93' lang='lat' dir='ltr'><strong>P.</strong></span> <span class='ocrx_word' id='word_1_161' title='bbox 634 3280 686 3341; x_wconf 89' lang='lat'><strong>49.</strong></span> <span class='ocrx_word' id='word_1_162' title='bbox 703 3261 724 3322; x_wconf 91' lang='grc'><strong>1.</strong></span> <span class='ocrx_word' id='word_1_163' title='bbox 740 3250 768 3325; x_wconf 78' lang='lat'><strong>2.</strong></span> <span class='ocrx_word' id='word_1_164' title='bbox 794 3260 935 3343; x_wconf 80' lang='lat' dir='ltr'><strong>Propter</strong></span> <span class='ocrx_word' id='word_1_165' title='bbox 956 3256 1031 3342; x_wconf 88' lang='lat' dir='ltr'><strong>hoo]</strong></span> <span class='ocrx_word' id='word_1_166' title='bbox 1059 3259 1103 3320; x_wconf 93' lang='lat' dir='ltr'><strong>H.</strong></span> <span class='ocrx_word' id='word_1_167' title='bbox 1120 3280 1146 3321; x_wconf 92' lang='lat' dir='ltr'><strong>e.</strong></span> <span class='ocrx_word' id='word_1_168' title='bbox 1163 3266 1335 3343; x_wconf 84' lang='lat' dir='ltr'><strong>propterea</strong></span> <span class='ocrx_word' id='word_1_169' title='bbox 1357 3261 1442 3345; x_wconf 93' lang='lat' dir='ltr'><strong>quod</strong></span> <span class='ocrx_word' id='word_1_170' title='bbox 1466 3258 1556 3323; x_wconf 82' lang='lat' dir='ltr'><strong>Deus</strong></span> <span class='ocrx_word' id='word_1_171' title='bbox 1578 3261 1645 3346; x_wconf 90' lang='lat' dir='ltr'><strong>pri·</strong></span> 
     </span>
     <span class='ocr_line' id='line_1_24' title="bbox 540 3361 1647 3445; baseline -0.002 -18"><span class='ocrx_word' id='word_1_172' title='bbox 540 3386 627 3427; x_wconf 92' lang='lat' dir='ltr'><strong>mum</strong></span> <span class='ocrx_word' id='word_1_173' title='bbox 656 3362 819 3426; x_wconf 89' lang='lat' dir='ltr'><strong>hominum</strong></span> <span class='ocrx_word' id='word_1_174' title='bbox 849 3366 1015 3445; x_wconf 89' lang='lat' dir='ltr'><strong>parentem</strong></span> <span class='ocrx_word' id='word_1_175' title='bbox 1043 3381 1100 3443; x_wconf 90' lang='lat' dir='ltr'><strong>per</strong></span> <span class='ocrx_word' id='word_1_176' title='bbox 1127 3361 1288 3425; x_wconf 77' lang='lat' dir='ltr'><strong>Christum</strong></span> <span class='ocrx_word' id='word_1_177' title='bbox 1318 3370 1440 3426; x_wconf 86' lang='lat' dir='ltr'><strong>aeterna</strong></span> <span class='ocrx_word' id='word_1_178' title='bbox 1466 3361 1647 3426; x_wconf 78' lang='lat' dir='ltr'><strong>donaturus</strong></span> 
     </span>
     <span class='ocr_line' id='line_1_25' title="bbox 541 3460 1646 3539; baseline -0.001 -10"><span class='ocrx_word' id='word_1_179' title='bbox 541 3473 612 3529; x_wconf 86' lang='lat' dir='ltr'><strong>erat</strong></span> <span class='ocrx_word' id='word_1_180' title='bbox 627 3465 740 3527; x_wconf 79' lang='lat' dir='ltr'><strong>salute.</strong></span> <span class='ocrx_word' id='word_1_181' title='bbox 788 3464 920 3525; x_wconf 89' lang='lat' dir='ltr'><strong>Interea</strong></span> <span class='ocrx_word' id='word_1_182' title='bbox 936 3460 1171 3525; x_wconf 84' lang='lat' dir='ltr'><strong>Feuardontius</strong></span> <span class='ocrx_word' id='word_1_183' title='bbox 1192 3463 1250 3539; x_wconf 90' lang='lat' dir='ltr'><strong>ait,</strong></span> <span class='ocrx_word' id='word_1_184' title='bbox 1266 3463 1496 3528; x_wconf 88' lang='lat' dir='ltr'><strong>Tertullianum</strong></span> <span class='ocrx_word' id='word_1_185' title='bbox 1516 3464 1600 3528; x_wconf 89' lang='lat' dir='ltr'><strong>libro</strong></span> <span class='ocrx_word' id='word_1_186' title='bbox 1614 3465 1646 3528; x_wconf 94' lang='lat' dir='ltr'><strong>ii.</strong></span> 
     </span>
     <span class='ocr_line' id='line_1_26' title="bbox 541 3562 1648 3648; baseline -0.001 -19"><span class='ocrx_word' id='word_1_187' title='bbox 541 3567 692 3630; x_wconf 87' lang='lat' dir='ltr'><strong>adversus</strong></span> <span class='ocrx_word' id='word_1_188' title='bbox 717 3564 916 3627; x_wconf 82' lang='lat' dir='ltr'><strong>Marcionem</strong></span> <span class='ocrx_word' id='word_1_189' title='bbox 941 3566 981 3641; x_wconf 84' lang='lat' dir='ltr'><strong>(o.</strong></span> <span class='ocrx_word' id='word_1_190' title='bbox 997 3562 1064 3647; x_wconf 87' lang='lat'><strong>25.)</strong></span> <span class='ocrx_word' id='word_1_191' title='bbox 1087 3563 1171 3625; x_wconf 92' lang='lat' dir='ltr'><strong>huno</strong></span> <span class='ocrx_word' id='word_1_192' title='bbox 1196 3564 1311 3627; x_wconf 82' lang='lat' dir='ltr'><strong>lrenaei</strong></span> <span class='ocrx_word' id='word_1_193' title='bbox 1332 3564 1435 3628; x_wconf 90' lang='lat' dir='ltr'><strong>looum</strong></span> <span class='ocrx_word' id='word_1_194' title='bbox 1460 3564 1509 3627; x_wconf 84' lang='lat' dir='ltr'><strong>his</strong></span> <span class='ocrx_word' id='word_1_195' title='bbox 1536 3566 1648 3648; x_wconf 81' lang='lat' dir='ltr'><strong>paucis</strong></span> 
     </span>
     <span class='ocr_line' id='line_1_27' title="bbox 541 3665 1648 3751; baseline -0.002 -19"><span class='ocrx_word' id='word_1_196' title='bbox 541 3665 739 3732; x_wconf 79' lang='lat' dir='ltr'><strong>contrahere.</strong></span> <span class='ocrx_word' id='word_1_197' title='bbox 793 3666 878 3727; x_wconf 79' lang='lat' dir='ltr'><strong>Deae</strong></span> <span class='ocrx_word' id='word_1_198' title='bbox 900 3665 968 3726; x_wconf 76' lang='lat' dir='ltr'><strong>ideo</strong></span> <span class='ocrx_word' id='word_1_199' title='bbox 990 3686 1049 3728; x_wconf 80' lang='lat' dir='ltr'><strong>aaa</strong></span> <span class='ocrx_word' id='word_1_200' title='bbox 1071 3665 1231 3729; x_wconf 73' lang='lat' dir='ltr'><strong>aeolediait</strong></span> <span class='ocrx_word' id='word_1_201' title='bbox 1252 3668 1351 3751; x_wconf 55' lang='lat' dir='ltr'><strong>paam</strong></span> <span class='ocrx_word' id='word_1_202' title='bbox 1362 3668 1469 3730; x_wconf 78' lang='lat' dir='ltr'><strong>Adam</strong></span> <span class='ocrx_word' id='word_1_203' title='bbox 1488 3677 1516 3730; x_wconf 81' lang='lat' dir='ltr'><strong>et</strong></span> <span class='ocrx_word' id='word_1_204' title='bbox 1533 3668 1648 3744; x_wconf 78' lang='lat' dir='ltr'><strong>anm,</strong></span> 
     </span>
     <span class='ocr_line' id='line_1_28' title="bbox 541 3767 1649 3850; baseline -0.002 -16"><span class='ocrx_word' id='word_1_205' title='bbox 541 3782 574 3834; x_wconf 81' lang='lat' dir='ltr'><strong>at</strong></span> <span class='ocrx_word' id='word_1_206' title='bbox 597 3768 793 3833; x_wconf 68' lang='lat' dir='ltr'><strong>restitutionis</strong></span> <span class='ocrx_word' id='word_1_207' title='bbox 817 3767 1003 3844; x_wconf 75' lang='lat' dir='ltr'><strong>caazdidatoa,</strong></span> <span class='ocrx_word' id='word_1_208' title='bbox 1026 3777 1059 3830; x_wconf 81' lang='lat' dir='ltr'><strong>at</strong></span> <span class='ocrx_word' id='word_1_209' title='bbox 1080 3770 1258 3850; x_wconf 74' lang='lat' dir='ltr'><strong>coafhesioae</strong></span> <span class='ocrx_word' id='word_1_210' title='bbox 1280 3769 1438 3845; x_wconf 79' lang='lat' dir='ltr'><strong>relevatos,</strong></span> <span class='ocrx_word' id='word_1_211' title='bbox 1456 3771 1535 3832; x_wconf 64' lang='lat' dir='ltr'><strong>aaut</strong></span> <span class='ocrx_word' id='word_1_212' title='bbox 1557 3769 1649 3832; x_wconf 70' lang='lat' dir='ltr'><strong>uzale-</strong></span> 
     </span>
     <span class='ocr_line' id='line_1_29' title="bbox 540 3868 1434 3953; baseline -0.002 -18"><span class='ocrx_word' id='word_1_213' title='bbox 540 3873 622 3935; x_wconf 73' lang='lat' dir='ltr'><strong>dieta</strong></span> <span class='ocrx_word' id='word_1_214' title='bbox 636 3871 777 3953; x_wconf 75' lang='lat' dir='ltr'><strong>serpent-i,</strong></span> <span class='ocrx_word' id='word_1_215' title='bbox 793 3869 878 3951; x_wconf 73' lang='lat' dir='ltr'><strong>orry&#39;ae</strong></span> <span class='ocrx_word' id='word_1_216' title='bbox 891 3868 974 3931; x_wconf 80' lang='lat' dir='ltr'><strong>salae</strong></span> <span class='ocrx_word' id='word_1_217' title='bbox 988 3869 1107 3931; x_wconf 76' lang='lat' dir='ltr'><strong>omniuo</strong></span> <span class='ocrx_word' id='word_1_218' title='bbox 1123 3869 1281 3952; x_wconf 69' lang='lat' dir='ltr'><strong>deplorato</strong></span> <span class='ocrx_word' id='word_1_219' title='bbox 1295 3879 1362 3932; x_wconf 79' lang='lat' dir='ltr'><strong>erat</strong></span> <span class='ocrx_word' id='word_1_220' title='bbox 1379 3873 1434 3933; x_wconf 82' lang='lat' dir='ltr'><strong>&amp;a</strong></span> 
     </span>
    </p>

    <p class='ocr_par' dir='ltr' id='par_1_10' title="bbox 540 3970 1649 4155">
     <span class='ocr_line' id='line_1_30' title="bbox 587 3970 1649 4056; baseline 0.002 -20"><span class='ocrx_word' id='word_1_221' title='bbox 587 3974 669 4036; x_wconf 91' lang='lat' dir='ltr'><strong>Ibid.</strong></span> <span class='ocrx_word' id='word_1_222' title='bbox 684 3973 703 4034; x_wconf 93' lang='grc'><strong>1.</strong></span> <span class='ocrx_word' id='word_1_223' title='bbox 717 3996 747 4056; x_wconf 78' lang='lat'><strong>3.</strong></span> <span class='ocrx_word' id='word_1_224' title='bbox 764 3973 819 4035; x_wconf 82' lang='lat' dir='ltr'><strong>sod</strong></span> <span class='ocrx_word' id='word_1_225' title='bbox 842 3981 954 4034; x_wconf 78' lang='lat' dir='ltr'><strong>terram</strong></span> <span class='ocrx_word' id='word_1_226' title='bbox 979 3973 1013 4033; x_wconf 81' lang='lat' dir='ltr'><strong>io</strong></span> <span class='ocrx_word' id='word_1_227' title='bbox 1036 3970 1173 4052; x_wconf 76' lang='lat' dir='ltr'><strong>operibus</strong></span> <span class='ocrx_word' id='word_1_228' title='bbox 1195 3972 1270 4054; x_wconf 76' lang='lat' dir='ltr'><strong>ejus]</strong></span> <span class='ocrx_word' id='word_1_229' title='bbox 1301 3972 1412 4034; x_wconf 91' lang='lat' dir='ltr'><strong>LXX.</strong></span> <span class='ocrx_word' id='word_1_230' title='bbox 1429 3971 1649 4052; x_wconf 75' lang='grc' dir='ltr'>ἐπικατάρατος</span> 
     </span>
     <span class='ocr_line' id='line_1_31' title="bbox 540 4073 929 4155; baseline -0.008 -20"><span class='ocrx_word' id='word_1_231' title='bbox 540 4078 558 4154; x_wconf 79' lang='grc' dir='ltr'>ἡ</span> <span class='ocrx_word' id='word_1_232' title='bbox 573 4079 611 4155; x_wconf 79' lang='grc' dir='ltr'><strong>γῆ</strong></span> <span class='ocrx_word' id='word_1_233' title='bbox 627 4077 661 4136; x_wconf 80' lang='grc' dir='ltr'><strong>ἐν</strong></span> <span class='ocrx_word' id='word_1_234' title='bbox 675 4078 736 4137; x_wconf 81' lang='grc' dir='ltr'>τοῖς</span> <span class='ocrx_word' id='word_1_235' title='bbox 751 4073 849 4152; x_wconf 73' lang='grc' dir='ltr'>ἔργοις</span> <span class='ocrx_word' id='word_1_236' title='bbox 865 4097 929 4134; x_wconf 90' lang='grc' dir='ltr'><strong><em>σου.</em></strong></span> 
     </span>
    </p>

    <p class='ocr_par' dir='ltr' id='par_1_11' title="bbox 540 4171 1650 4567">
     <span class='ocr_line' id='line_1_32' title="bbox 585 4171 1649 4257; baseline 0 -19"><span class='ocrx_word' id='word_1_237' title='bbox 585 4176 665 4238; x_wconf 92' lang='lat' dir='ltr'><strong>Ibid.</strong></span> <span class='ocrx_word' id='word_1_238' title='bbox 681 4175 703 4236; x_wconf 92' lang='grc'><strong>1.</strong></span> <span class='ocrx_word' id='word_1_239' title='bbox 720 4195 749 4254; x_wconf 82' lang='lat'><strong>4.</strong></span> <span class='ocrx_word' id='word_1_240' title='bbox 778 4174 927 4257; x_wconf 90' lang='lat' dir='ltr'><strong>quoniam</strong></span> <span class='ocrx_word' id='word_1_241' title='bbox 952 4174 1157 4257; x_wconf 88' lang='lat' dir='ltr'><strong>quidem—in</strong></span> <span class='ocrx_word' id='word_1_242' title='bbox 1181 4171 1336 4257; x_wconf 80' lang='lat' dir='ltr'><strong>homine]</strong></span> <span class='ocrx_word' id='word_1_243' title='bbox 1374 4175 1470 4237; x_wconf 83' lang='lat' dir='ltr'><strong>Istaeo</strong></span> <span class='ocrx_word' id='word_1_244' title='bbox 1497 4174 1649 4257; x_wconf 83' lang='lat' dir='ltr'><strong>perioche</strong></span> 
     </span>
     <span class='ocr_line' id='line_1_33' title="bbox 540 4276 1648 4361; baseline -0.003 -19"><span class='ocrx_word' id='word_1_245' title='bbox 540 4279 616 4342; x_wconf 92' lang='lat' dir='ltr'><strong>mihi</strong></span> <span class='ocrx_word' id='word_1_246' title='bbox 635 4277 761 4361; x_wconf 91' lang='lat' dir='ltr'><strong>quidem</strong></span> <span class='ocrx_word' id='word_1_247' title='bbox 780 4276 942 4340; x_wconf 83' lang='lat' dir='ltr'><strong>continere</strong></span> <span class='ocrx_word' id='word_1_248' title='bbox 961 4276 1087 4340; x_wconf 86' lang='lat' dir='ltr'><strong>videtur</strong></span> <span class='ocrx_word' id='word_1_249' title='bbox 1105 4298 1181 4340; x_wconf 87' lang='lat' dir='ltr'><strong>vera</strong></span> <span class='ocrx_word' id='word_1_250' title='bbox 1198 4281 1251 4338; x_wconf 83' lang='grc' dir='ltr'><strong>τοῦ</strong></span> <span class='ocrx_word' id='word_1_251' title='bbox 1268 4278 1394 4358; x_wconf 81' lang='grc' dir='ltr'>ἀρχαίου</span> <span class='ocrx_word' id='word_1_252' title='bbox 1413 4276 1532 4348; x_wconf 84' lang='lat' dir='ltr'><strong>verba;</strong></span> <span class='ocrx_word' id='word_1_253' title='bbox 1558 4298 1648 4340; x_wconf 88' lang='lat' dir='ltr'><strong>nam-</strong></span> 
     </span>
     <span class='ocr_line' id='line_1_34' title="bbox 540 4378 1650 4467; baseline -0.001 -25"><span class='ocrx_word' id='word_1_254' title='bbox 540 4403 600 4467; x_wconf 90' lang='lat' dir='ltr'><strong>quo</strong></span> <span class='ocrx_word' id='word_1_255' title='bbox 622 4379 858 4462; x_wconf 77' lang='lat' dir='ltr'><strong>illudquoniam</strong></span> <span class='ocrx_word' id='word_1_256' title='bbox 873 4378 958 4461; x_wconf 91' lang='lat' dir='ltr'><strong>apud</strong></span> <span class='ocrx_word' id='word_1_257' title='bbox 974 4384 1114 4441; x_wconf 86' lang='lat' dir='ltr'><strong>veterem</strong></span> <span class='ocrx_word' id='word_1_258' title='bbox 1132 4378 1245 4441; x_wconf 82' lang='lat' dir='ltr'><strong>irenaei</strong></span> <span class='ocrx_word' id='word_1_259' title='bbox 1264 4378 1471 4462; x_wconf 88' lang='lat' dir='ltr'><strong>interpretem</strong></span> <span class='ocrx_word' id='word_1_260' title='bbox 1491 4400 1551 4462; x_wconf 89' lang='lat' dir='ltr'><strong>pro</strong></span> <span class='ocrx_word' id='word_1_261' title='bbox 1566 4379 1650 4462; x_wconf 78' lang='lat' dir='ltr'><strong>quod</strong></span> 
     </span>
     <span class='ocr_line' id='line_1_35' title="bbox 540 4481 720 4567; baseline -0.017 -22"><span class='ocrx_word' id='word_1_262' title='bbox 540 4482 615 4567; x_wconf 91' lang='lat' dir='ltr'><strong>poni</strong></span> <span class='ocrx_word' id='word_1_263' title='bbox 629 4481 720 4545; x_wconf 80' lang='lat' dir='ltr'><strong>solet.</strong></span> 
     </span>
    </p>
   </div>
   <div class='ocr_carea' id='block_1_9' title="bbox 0 0 2188 5150">
    <p class='ocr_par' dir='ltr' id='par_1_12' title="bbox 0 0 2188 5150">
     <span class='ocr_line' id='line_1_36' title="bbox 0 0 2188 5150; baseline 0 0"><span class='ocrx_word' id='word_1_264' title='bbox 0 0 2188 5150; x_wconf 95' lang='lat' dir='ltr'><strong> </strong></span> 
     </span>
    </p>
   </div>
  </div>
 </body>
</html>
