4359 5150
546 402 683 476 xxxviii
917 398 1224 472 PRAEFATIO.

546 599 660 681 libris
676 604 786 693 (nam
806 596 932 678 libros
946 612 1062 679 taceo
1078 624 1163 678 non
1177 596 1312 679 editos
1329 596 1591 703 Catenasque

544 743 728 845 patrum)
748 735 874 843 qnam
895 732 1045 815 licebat
1065 746 1194 843 atque
1219 734 1449 841 oportebat,
1467 733 1520 812 ab
1543 760 1591 813 eo

544 866 716 950 collecta
740 879 857 960 sunt;
890 894 942 949 ex
961 868 1130 948 Catenis
1156 866 1354 948 nimirum
1380 866 1486 948 nihil
1505 894 1592 948 om-

544 1003 645 1085 nino
673 1032 748 1085 suo
769 1003 929 1112 judicio
948 1030 1048 1083 usus
1072 1000 1321 1083 Gallandius
1346 1002 1589 1111 desumpsit.

545 1137 703 1219 Contra
736 1165 831 1219 vero
865 1164 917 1219 ex
956 1149 1021 1218 tot
1055 1136 1285 1217 innumeris
1322 1136 1518 1245 reliquiis,
1556 1136 1590 1218 si

543 1298 675 1351 unum
706 1270 814 1351 forte
841 1270 896 1353 de
928 1268 1148 1350 schismate
1181 1267 1409 1351 Meletiano
1442 1271 1521 1350 sub
1552 1271 1590 1352 S.

545 1406 670 1488 Petro
687 1404 973 1487 Alexandrino
992 1402 1223 1521 ἀπόσπφσμα
1241 1403 1481 1513 excipiatur,
1497 1404 1592 1484 nul-

543 1539 603 1622 las
630 1568 706 1649 ego
731 1540 863 1622 debeo
886 1537 1122 1621 Gallandio.
1178 1539 1292 1628 Quin
1322 1538 1467 1648 cogita,
1494 1568 1593 1621 nus-

542 1703 667 1785 quam
689 1703 787 1757 eum
814 1674 1063 1785 exemplaria
1088 1688 1164 1756 aut
1189 1674 1351 1783 scripta,
1369 1688 1444 1755 aut
1466 1673 1591 1771 edita,

542 1814 597 1895 ad
634 1812 710 1894 hos
747 1813 1029 1895 emendandos
1062 1823 1262 1907 auctores,
1295 1811 1465 1919 dempto
1505 1839 1592 1892 uno

542 1962 670 2057 atque
695 1948 826 2030 altero
850 1949 1089 2043 eorundem,
1114 1946 1362 2029 adhibuisse.
1408 1948 1591 2046 Accedit,

543 2085 658 2192 quod
687 2083 805 2183 nihil,
834 2097 909 2168 aut
939 2085 1025 2168 fere
1058 2082 1164 2166 nihil
1194 2084 1379 2192 priorum
1413 2098 1591 2165 annota-

543 2218 726 2301 tionibus
740 2220 794 2302 de
806 2248 881 2301 suo
895 2219 1058 2331 adjecit.
1089 2220 1192 2301 Ideo
1206 2220 1376 2301 fortasse
1391 2220 1502 2301 idem
1519 2218 1591 2303 ille
1631 2294 1637 2310 .

542 2350 608 2451 τὴν
634 2352 814 2456 σπάρταν,
841 2382 936 2464 quae
965 2354 1041 2436 sibi
1070 2354 1232 2463 obtigit,
1261 2382 1425 2436 ornasse
1452 2355 1592 2437 minus

542 2502 607 2570 est
625 2488 935 2572 existimandus.
973 2490 1116 2600 Atque
1135 2489 1225 2571 haec
1244 2517 1327 2571 non
1349 2490 1453 2589 dico,
1468 2502 1518 2572 ut
1535 2491 1591 2573 de

543 2624 620 2705 viri
649 2626 800 2734 egregii
829 2625 977 2707 merita
1005 2624 1130 2708 laude
1148 2625 1376 2720 detraham,
1395 2625 1467 2735 qui
1499 2638 1593 2708 tan-

543 2772 635 2842 tum
659 2762 899 2869 praestitisse
918 2762 1094 2857 videtur,
1113 2774 1318 2869 quantum
1340 2759 1406 2842 vel
1424 2774 1591 2872 tempus

543 2895 785 3003 permiserit,
805 2895 870 2978 vel
891 2898 995 2978 ratio
1015 2898 1150 3006 operis
1169 2896 1244 2992 sui,
1263 2896 1343 2978 alia
1363 2897 1511 3005 utique
1526 2911 1592 2979 tot

542 3044 584 3111 et
605 3044 723 3112 tanta
741 3031 1063 3141 complectentis,
1083 3031 1365 3141 postulaverit.
1417 3032 1590 3114 Etenim

541 3195 674 3276 quum
709 3169 752 3249 in
790 3166 1097 3276 Prolegomenis
1131 3167 1390 3250 voluminum
1419 3196 1590 3250 suorum

540 3305 593 3384 ab
612 3304 758 3385 eodem
779 3304 863 3384 sint
882 3305 970 3385 viro
988 3307 1112 3384 docto
1131 3304 1264 3412 posita
1284 3301 1416 3384 multa
1440 3317 1588 3385 notatu

541 3437 793 3546 dignissima,
817 3452 861 3519 et
888 3438 941 3519 ad
969 3438 1184 3520 historiam
1215 3437 1436 3520 literariam
1463 3440 1590 3546 perti-

542 3575 697 3667 nentia,
736 3575 944 3684 quidquid
983 3574 1186 3685 ejusmodi
1225 3602 1250 3656 a
1287 3602 1354 3655 me
1390 3573 1588 3655 omissum

540 3723 658 3804 esset,
673 3709 716 3788 id
733 3711 946 3791 nominato
959 3708 1183 3791 Gallandio
1203 3707 1271 3791 hic
1289 3708 1498 3819 adjectum
1511 3722 1588 3791 est.

540 3845 620 3923 Sed
648 3844 748 3925 satis
781 3846 834 3927 de
867 3845 943 3927 hac
978 3874 1032 3941 re,
1060 3872 1193 3953 quum
1220 3847 1307 3954 jam
1341 3843 1499 3952 longior
1534 3845 1591 3927 sit

539 4008 673 4061 sermo
693 4009 821 4063 meus
881 3981 1061 4090 Reliqua
1082 3981 1209 4089 igitur
1228 3980 1433 4061 liniamus

595 4115 702 4195 Cum
742 4119 884 4199 breves
921 4117 1082 4226 aliquas
1120 4116 1375 4197 narrationes
1414 4115 1590 4224 singulis

540 4250 642 4330 meis
666 4251 903 4333 auctoribus
928 4253 1153 4335 necessario
1181 4251 1480 4360 praeponendas
1500 4279 1590 4333 esse
