4359 5150
541 429 618 481 xxx
911 401 1217 475 PRAEFA'I'IO.

539 601 725 684 “chano.
775 599 885 681 Nam
904 628 1000 683 cum
1020 600 1064 682 in
1084 598 1240 680 Usserii
1265 598 1374 679 notis
1399 598 1452 679 ad
1474 596 1585 678 Mar·-

539 736 736 845 “tyrium
767 734 816 816 B.
838 732 1064 843 Polycarpi‚
1093 732 1422 841 manuscriptum
1452 732 1583 814 Euse-

539 881 562 919 “
579 870 715 952 bianae
733 868 916 950 historiae
932 868 1116 950 codicem
1136 894 1188 948 ex
1208 865 1458 949 bibliotheca
1476 866 1587 948 Savi-

538 1017 562 1054 “
581 1006 692 1088 liana
704 1004 865 1087 laudari
881 1004 1273 1101 animadvertissem,
1284 1030 1465 1112 eumque
1477 1001 1588 1085 codi-

540 1152 562 1191 “
579 1169 671 1224 cem
699 1140 868 1250 optimae
897 1151 1008 1221 notae
1031 1166 1119 1221 esse
1142 1166 1194 1221 ex
1222 1137 1381 1249 aliquot
1407 1136 1508 1221 locis
1536 1140 1588 1220 ab

541 1286 563 1324 ‘⁴
581 1275 748 1357 Usserio
776 1272 948 1383 prolatis
977 1272 1354 1382 deprehendissem,
1382 1272 1588 1382 postulavi

541 1412 634 1491 “ab
653 1438 702 1492 eo
720 1437 795 1519 per
819 1408 972 1506 literas,
991 1419 1041 1490 ut
1066 1408 1197 1489 varias
1216 1411 1307 1519 ejus
1326 1408 1478 1491 codicis
1502 1406 1586 1490 lec·

541 1545 717 1628 “tiones
737 1546 964 1654 (integrum
993 1544 1103 1626 enim
1134 1547 1186 1626 ab
1205 1572 1255 1626 eo
1278 1543 1476 1627 collatum
1502 1572 1590 1627 esse

541 1690 564 1727 “
582 1680 884 1786 existimabam)
923 1679 978 1760 ad
1013 1708 1082 1762 me
1124 1679 1438 1762 transmitteret.
1509 1677 1590 1762 Ille

541 1825 679 1898 “vero
698 1816 881 1898 codicem
900 1816 1071 1925 quidem
1091 1815 1228 1925 ipsum
1247 1816 1292 1897 in
1308 1816 1450 1899 charta
1463 1816 1591 1925 scrip-

542 1961 564 2000 “
583 1963 675 2033 tum
708 1949 964 2058 bombycina,
997 1948 1262 2032 bibliotheca
1300 1948 1530 2032 Oxoniensi
1566 1979 1591 2033 a

542 2097 565 2135 “
583 2084 734 2168 Savilio
753 2087 955 2168 donatum
976 2085 1102 2168 fuisse
1122 2085 1225 2167 mihi
1240 2087 1462 2196 rescripsit.
1495 2087 1587 2169 Cae·

542 2230 720 2302 “terum
754 2219 981 2302 editionem
1011 2219 1184 2302 Roberti
1217 2220 1415 2332 Stephani
1447 2223 1589 2305 statim

542 2355 637 2436 “ad
674 2383 741 2437 me
779 2354 903 2452 misit,
940 2355 985 2436 in
1023 2349 1144 2466 cujus
1184 2357 1371 2465 margine
1415 2356 1591 2439 Savilius

543 2497 565 2535 “
584 2487 894 2569 emendationes
908 2518 960 2571 ex
979 2517 1054 2571 suo
1068 2489 1142 2572 illo
1156 2492 1438 2601 manuscripto
1450 2492 1592 2573 codiee

544 2624 849 2732 “depromptas
872 2625 1154 2708 adnotaverat.
1213 2627 1429 2716 Quantum
1449 2640 1590 2710 tamen

543 2760 787 2869 “conjicere
815 2760 946 2867 potui,
980 2788 1064 2841 non
1094 2789 1236 2843 omnes
1269 2763 1409 2872 scripti
1440 2764 1592 2846 codicis

544 2891 782 2974 “lectiones
811 2893 866 2974 ad
894 2892 1004 2976 latus
1032 2896 1228 2978 editionis
1256 2897 1369 2980 illius
1398 2901 1593 3009 apposuit

544 3036 567 3074 “
585 3026 771 3122 Savilius,
789 3027 864 3108 sed
886 3055 954 3109 eas
979 3040 1144 3110 tanturn
1165 3058 1268 3139 quas
1292 3034 1419 3114 bonas
1441 3045 1592 3116 certas-

545 3169 668 3269 “que
693 3187 780 3243 esse
806 3161 1077 3244 existimabat.
1135 3163 1339 3253 Quaedam
1370 3167 1482 3249 enim
1511 3168 1593 3251 lec-

545 3294 720 3378 “tiones
746 3298 798 3379 ab
821 3296 985 3379 Usserio
1007 3326 1030 3380 e
1054 3300 1208 3408 scripto
1234 3298 1307 3383 illo
1332 3302 1472 3385 codice
1499 3332 1593 3414 pro-

546 3439 568 3477 “
586 3431 792 3526 feruntur,
820 3459 924 3539 quas
952 3459 978 3511 a
1005 3431 1157 3514 Savilio
1187 3436 1476 3543 praetermissas
1506 3467 1593 3522 esse

546 3574 569 3611 “
586 3576 728 3673 postea
747 3564 1014 3673 deprehendi.
1065 3568 1270 3650 Praeterea
1289 3569 1401 3652 idem
1417 3572 1594 3655 Savilius

546 3699 637 3780 “ad
668 3727 782 3780 oram
816 3698 928 3783 illius
961 3702 1157 3785 editionis
1190 3703 1345 3787 multas
1376 3708 1594 3819 adscripsit

547 3834 898 3917 “emendationes
934 3865 986 3919 ex
1019 3836 1160 3920 codice
1194 3838 1368 3922 Joannis
1402 3839 1591 3927 Christo·

547 3978 569 4017 “
586 3967 795 4078 phorsoni,
831 3998 955 4079 quern
993 3971 1151 4054 scilicet
1194 3974 1596 4086 Christophorsonus

546 4114 569 4153 “
586 4133 681 4187 cum
697 4105 858 4216 aliquot
872 4108 1163 4219 manuscriptis
1178 4110 1482 4221 exemplaribus
1497 4143 1596 4197 con-

546 4249 569 4288 ‘⁶
587 4238 781 4322 tulerat.”
838 4241 944 4324 Haec
968 4243 1031 4324 vir
1065 4246 1393 4342 eruditissimus3
1423 4250 1596 4358 quibus·
