4359 5150
604 432 629 498 4
1059 425 1256 499 PAPIAs

604 625 715 697 alium
758 627 933 696 seniorem
967 622 1181 707 Johannem,
1216 645 1323 717 quem
1365 631 1447 716 post
1488 621 1713 693 Aristionem

606 758 803 820 enumerat
865 747 947 819 Hoc
977 757 1098 818 autem
1131 747 1287 817 diximus
1320 754 1464 839 propter
1493 745 1713 838 superiorem

606 873 821 964 opinionem,
839 895 946 964 quum
964 895 986 943 a
1002 865 1206 964 plerisqued
1223 868 1410 941 retulimus
1427 869 1607 952 traditam,
1624 869 1715 940 duas

606 996 819 1086 posteriores
848 995 1016 1087 epistolas
1040 994 1215 1065 Johannis
1245 1013 1314 1064 non
1342 987 1508 1086 Apostoli
1533 1015 1623 1076 esse,
1648 987 1713 1064 sed

605 1120 812 1211 presbyteri.
883 1117 955 1188 Hic
998 1118 1129 1187 dicitur
1170 1116 1270 1187 mille
1311 1138 1484 1188 annorum
1520 1115 1713 1186 Judoicam

606 1241 757 1312 edidisse
791 1239 1016 1338 οδαπέρωαιν,
1048 1249 1156 1333 quem
1199 1242 1312 1310 secuti
1351 1248 1435 1310 sunt
1469 1238 1638 1322 Irenaeus,
1674 1247 1713 1310 et

604 1364 858 1458 Apollinarius,
885 1374 923 1434 et
948 1366 1070 1448 ceteri,
1097 1366 1157 1456 qui
1182 1373 1264 1457 post
1288 1365 1583 1435 resurrectionem
1609 1364 1714 1435 siunt

603 1490 641 1558 in
665 1510 770 1559 earne
793 1511 875 1558 oum
900 1490 1031 1558 sanctis
1056 1483 1253 1557 Dominum
1279 1495 1520 1581 regnaturum.
1571 1486 1715 1558 Tertul-

603 1610 719 1681 lianus
742 1635 884 1704 quoque
909 1614 946 1682 in
965 1608 1076 1682 flibro
1104 1611 1149 1680 de
1175 1634 1237 1703 spe
1262 1611 1432 1694 fidelium,
1451 1619 1489 1682 et
1502 1610 1715 1683 Victorinus

605 1733 884 1816 Petabionensis,
902 1744 940 1805 et
959 1734 1171 1805 Lactantius
1188 1734 1254 1804 huc
1272 1733 1438 1826 opinione
1455 1733 1635 1805 ducuntur
1646 1743 1677 1804 Β.

647 2040 663 2073 ⁸
685 2029 884 2109 Hieronymus
903 2046 988 2089 suum
1011 2023 1133 2089 Librum
1157 2051 1193 2089 ex
1212 2023 1334 2089 Eusebii
1355 2022 1559 2087 Ecclesiastico
1578 2024 1717 2088 Historia

605 2127 759 2185 maximam
776 2138 888 2206 partem
905 2128 1096 2207 deprompsit.

645 2221 662 2268 b
685 2224 852 2302 Hierapolis
873 2225 975 2283 civitas
996 2224 1028 2282 in
1050 2224 1180 2303 Phrygia
1195 2223 1276 2283 Asis.
1297 2223 1426 2302 regione.
1469 2221 1718 2301 Hierapoliteuus

607 2321 774 2401 Episcopus
787 2320 895 2379 dicitur
907 2319 1013 2400 Papias
1026 2321 1115 2378 etiam
1130 2321 1166 2378 ab
1178 2320 1309 2380 Eusebio
1322 2320 1364 2378 iii.
1374 2319 1423 2395 36.
1440 2319 1547 2377 Hists
1561 2318 1717 2398 Stephano

606 2418 725 2477 Gobaro
748 2416 828 2496 apud
854 2416 1005 2486 Photium,
1029 2416 1103 2475 Cod.
1128 2432 1195 2491 232.
1225 2414 1383 2476 Anustatio
1408 2412 1521 2475 Sinuita
1541 2408 1592 2474 lib.
1607 2414 1659 2473 vii.
1682 2413 1716 2474 in

609 2514 752 2573 Hexaem.
767 2513 890 2590 aliisque
908 2523 939 2571 et
957 2514 994 2572 ab
1009 2505 1135 2572 Hieron.
1149 2525 1238 2594 supra
1257 2529 1319 2593 cap.
1333 2514 1364 2571 8.
1379 2523 1409 2571 et
1426 2511 1545 2571 Praefat.
1560 2511 1591 2569 in
1605 2503 1717 2569 Victo-

605 2611 662 2668 rin.
689 2610 726 2668 ad
750 2609 959 2689 Apocalypsin.
1001 2609 1052 2668 Jo.
1072 2611 1212 2668 Ansrnr.
1235 2610 1421 2668 Fasnrcrus.
1464 2609 1613 2668 Memorat
1636 2606 1718 2667 hanc

606 2705 756 2763 ecclesium
784 2725 850 2763 cum
880 2705 938 2764 illis
963 2704 1147 2764 Colossarum
1177 2719 1207 2766 et
1232 2705 1383 2764 Laodiceae
1410 2707 1440 2764 S.
1457 2702 1577 2770 Paulus,
1599 2701 1716 2761 Coloss.

607 2803 710 2877 iv.13.
753 2802 916 2881 lllartyrem
938 2802 1056 2861 demum
1077 2803 1211 2861 extitisse
1234 2802 1365 2881 Papium,
1390 2798 1601 2880 Martyrologis
1621 2799 1716 2878 signi·

608 2897 706 2964 ficunt,
732 2898 831 2966 Bedoe,
850 2892 987 2963 Ususrdi,
1012 2897 1138 2964 Adonis,
1161 2899 1295 2962 eliorum,
1318 2918 1383 2975 quae
1404 2896 1502 2955 omnia
1526 2895 1647 2974 Papiam
1666 2896 1717 2953 in·

606 3007 716 3054 sertum
738 2996 855 3054 habent.
899 2996 936 3052 ln
957 2995 1103 3053 Chronico
1125 2996 1244 3073 insuper
1265 2993 1477 3062 Alexandrino,
1494 3011 1545 3051 seu
1568 2990 1716 3057 Paschsli,

607 3091 669 3150 hec
691 3092 746 3151 sub
767 3093 942 3170 imperatore
965 3091 1069 3149 Marco
1093 3089 1217 3148 Aurelio
1239 3091 1335 3168 posita
1357 3101 1443 3148 sunt:
1469 3092 1520 3145 Σὺν
1539 3093 1576 3165 τῷ
1595 3088 1663 3164 ἁγίῳ
1685 3091 1717 3144 δὲ

607 3193 772 3266 Πολυκάρπῳ
787 3192 828 3246 καὶ
846 3191 925 3245 ἄλλοι
939 3191 963 3245 ὅ
975 3190 1028 3244 ἀπὸ
1042 3190 1220 3260 Φιλαδελφίαν
1238 3187 1339 3261 (Cons.
1357 3188 1514 3266 Polycoryu'
1533 3186 1717 3264 Martyrium

607 3304 625 3342 a
649 3286 876 3365 Smyrnenslbus
897 3285 995 3363 script.
1015 3289 1038 3356 ᾗ.
1057 3286 1100 3361 2.)
1115 3290 1292 3359 μαρτυροῦσιν
1313 3287 1341 3340 ἐν
1362 3284 1474 3359 Σμύρνῃ·
1497 3287 1538 3340 καὶ
1556 3284 1584 3338 ἐν
1606 3288 1716 3358 Περγά-

605 3405 647 3458 pp
665 3384 694 3438 δὲ
710 3383 805 3457 ἕτεροι,
820 3385 848 3439 ἐν
867 3381 905 3440 οἷς
926 3382 957 3451 ἦν
976 3385 1016 3438 καὶ
1037 3385 1168 3436 nemas
1190 3384 1231 3437 καὶ
1251 3382 1329 3437 ἄλλοι
1350 3383 1455 3448 πολλοὶ,
1475 3378 1511 3437 olo
1532 3383 1573 3437 sul
1591 3382 1719 3453 ἔγγραφα

608 3483 734 3552 φέρονται
755 3482 788 3535 τὰ
806 3481 945 3552 μαρτύρια,
963 3498 992 3556 p.
1010 3478 1076 3553 258.
1099 3477 1171 3536 edit.
1193 3476 1346 3555 Ducungii,
1369 3499 1398 3557 p.
1421 3480 1491 3552 481.
1513 3476 1558 3536 ed.
1574 3474 1718 3535 Dindorf.

610 3573 685 3632 Haec
704 3575 794 3632 refert
809 3575 946 3633 Chronici
961 3573 1043 3633 Alex.
1057 3584 1169 3643 auctor,
1183 3575 1232 3651 qui
1253 3574 1428 3652 imperatore
1447 3572 1620 3632 Constantio
1637 3592 1718 3651 opus

608 3670 732 3728 fortasse
746 3669 871 3748 scripsit.

651 3778 665 3811 ⁰
677 3767 890 3847 loquebantur,
902 3768 1080 3827 Veronensis
1095 3768 1164 3826 MS.
1175 3769 1330 3847 loquuntur
1342 3787 1395 3842 pro
1409 3767 1604 3847 querebantur,
1615 3766 1720 3827 verius

609 3864 647 3922 ad
667 3864 766 3943 Pupioe
790 3875 903 3923 textum
924 3868 1060 3939 λέγουσιν.
1095 3865 1316 3934 Vantsrrsrus,
1337 3863 1468 3942 Operum
1488 3863 1522 3922 S.
1540 3859 1719 3942 Hieronymi

610 3960 705 4018 editor
720 3960 901 4017 novissimus.

651 4054 664 4093 ‘¹
686 4057 791 4134 Capite
805 4056 846 4112 ix.
862 4055 951 4131 hujus
964 4055 1030 4114 libri
1047 4057 1096 4114 De
1108 4057 1187 4115 Viris·
1198 4058 1247 4115 ΙΙΙ.
1260 4058 1500 4126 vocetohannes
1509 4056 1679 4136 Apostolus.

651 4162 665 4195 θ
687 4155 849 4227 metipsos
862 4150 996 4217 tudano,
1011 4165 1056 4211 est
1070 4153 1201 4222 traditio,
1216 4155 1297 4212 velut
1311 4155 1439 4213 secundo
1454 4154 1518 4212 loco
1536 4165 1603 4233 post
1622 4153 1721 4234 legem

611 4247 747 4327 scriptam
772 4248 913 4314 habenda,
938 4249 1045 4307 Misna.
1088 4249 1167 4308 Vide
1194 4246 1392 4329 Epiphanium
1417 4238 1519 4308 haeresi
1546 4248 1606 4308 xvi.
1632 4251 1720 4311 Idem

610 4344 705 4402 xxxiii.
729 4364 759 4420 9.
780 4349 809 4401 ul
831 4348 882 4419 γὰρ
905 4348 1063 4419 παραδόσεις
1084 4352 1137 4402 τῶν
1160 4349 1346 4420 πρεσβυτέρων
1373 4349 1543 4421 δευτερῶσειε
1569 4353 1641 4422 παρὰ
1665 4355 1721 4407 νῦν
