4359 5150
543 440 589 502 20
936 435 1294 503 ANNOTATIONES

593 604 678 669 lbid.
693 603 715 667 l.
732 618 764 682 7.
789 604 818 666 οί
832 606 885 665 τοῦ
901 604 1010 684 Κυρίου
1029 606 1158 683 μαθηταὶ
1177 603 1334 689 λέγουσιν]
1351 605 1455 671 Abest
1474 609 1505 670 ol
1523 603 1653 690 Nieepl.

551 707 683 772 simu.
728 706 762 767 A
778 703 884 788 prlore
899 702 1070 788 Nicephori
1084 703 1171 785 ῥήσει
1183 704 1289 768 omnis
1304 706 1400 771 verbs
1416 706 1545 771 obsunt.
1590 705 1655 769 nu-

552 809 636 872 finus
649 813 770 883 nutem,
785 806 861 869 dum
875 805 972 870 vertit
985 806 1046 869 hcc
1060 805 1165 883 modo,
1175 826 1244 889 ques
1257 805 1305 869 cel
1314 806 1451 870 Aristion
1465 806 1515 871 cel
1521 806 1655 871 Ioannes

546 907 714 995 presbyter,
737 905 908 990 coeterique
929 905 1073 990 discipuli
1095 904 1241 982 niumm,
1264 905 1377 991 legisse
1398 905 1533 984 videtur,
1558 908 1657 972 καὶοί

553 1012 646 1074 ἄλλοι
659 1015 712 1074 τοῦ
728 1010 837 1090 Κυρίου
856 1007 984 1086 μαθηταὶ
1004 1013 1035 1069 λ.
1082 1006 1175 1069 Nunc
1194 1006 1293 1071 refert
1309 1007 1472 1072 Burtonus
1493 1009 1606 1073 abesse
1627 1010 1656 1071 ot

553 1110 672 1174 ibidem
696 1131 717 1175 a
742 1108 843 1173 codiee
867 1108 978 1171 Poris.
997 1108 1115 1191 peon,
1143 1108 1257 1183 Veneto,
1280 1121 1313 1171 et
1336 1118 1458 1193 ιυνυρνν
1469 1109 1656 1173 Florentino.

554 1214 714 1279 (laeterum
736 1211 777 1275 de
798 1210 922 1274 duobus
945 1208 1031 1273 hisce
1054 1208 1176 1274 Christi
1199 1209 1368 1292 discipulis,
1388 1211 1531 1275 nonnihil
1556 1212 1654 1276 hebet

554 1314 715 1379 'Eusebius
736 1313 769 1376 in
784 1312 855 1377 loco
876 1331 951 1373 mcx
970 1309 1141 1383 afferendo,
1157 1310 1200 1374 nd
1219 1331 1314 1394 quem
1335 1311 1501 1375 ‹le-iisdem
1515 1311 1589 1397 plus
1601 1311 1656 1377 nli·

555 1416 631 1501 qnid
645 1416 760 1480 dicem.
1377 1492 1380 1499 .

600 1517 686 1582 lbid.
701 1516 722 1581 l.
739 1518 769 1589 8,
791 1516 826 1580 οὗ
848 1518 906 1597 γὸρ
928 1517 966 1578 rd
988 1514 1021 1577 ἐκ
1042 1518 1102 1576 τῶν
1122 1514 1256 1592 βιβλίων
1279 1515 1351 1598 διο]
1377 1515 1538 1597 Quosnnm
1560 1515 1656 1581 libros

555 1618 675 1703 Papias
691 1616 832 1681 hocloco
843 1615 1010 1699 designare
1023 1613 1143 1677 voluitl
1175 1613 1292 1699 Ipsene
1302 1616 1527 1701 discipulorum
1537 1615 1655 1682 Ohristi

553 1719 693 1804 seriptc;
710 1739 752 1782 nn
766 1716 874 1801 potius
888 1715 1023 1780 uliorum
1038 1716 1237 1799 quorundam
1251 1739 1359 1802 opem,
1370 1718 1403 1781 in
1414 1740 1485 1803 quae
1496 1738 1655 1783 semones

553 1825 588 1884 et
614 1819 767 1902 dogmata
788 1815 1013 1899 discipulorum
1034 1814 1137 1879 relata
1159 1824 1271 1893 erent3
1302 1840 1436 1902 quorum
1457 1820 1561 1884 multe.
1581 1840 1655 1903 spo·

554 1918 675 1984 stolicis
686 1917 783 1981 etiem
794 1916 1000 2000 temporibus,
1012 1916 1109 1979 immo
1118 1916 1278 1981 interdum
1288 1919 1429 2003 ipsorum
1439 1920 1654 2004 apostolorum

554 2018 734 2084 nominibus
754 2016 835 2081 falso
856 2016 1020 2101 inscripta,
1042 2016 1236 2081 circumferri
1261 2019 1425 2084 solebontl
1476 2020 1528 2084 Ut
1550 2018 1654 2083 dicere

553 2117 631 2181 mihi
646 2116 774 2201 quidem
788 2121 902 2180 auctor
916 2114 1071 2191 videntur,
1087 2135 1151 2178 non
1165 2121 1292 2180 tentem
1305 2115 1478 2181 utilitatem
1492 2137 1526 2179 se
1540 2136 1653 2201 cepere

555 2239 648 2302 posse
677 2238 717 2280 ex
746 2214 836 2279 libris
864 2214 1052 2299 quibusdem
1078 2214 1119 2278 de
1142 2215 1289 2281 doctrine
1314 2216 1432 2282 Ohristi
1457 2222 1556 2300 etque
1579 2238 1655 2301 spo

554 2318 709 2382 stolorum
726 2315 923 2399 conscriptis,
940 2320 1095 2398 quantem
1114 2336 1154 2378 ex
1173 2314 1336 2379 hominum
1355 2315 1563 2400 superstitum
1583 2337 1654 2380 ner-

553 2418 690 2493 mtione,
706 2416 760 2500 qui
781 2415 944 2499 apostolos
963 2414 1108 2479 comitati
1129 2421 1244 2479 essent.
1290 2416 1331 2479 ln
1350 2416 1437 2480 eliud
1457 2423 1567 2480 temen
1588 2416 1655 2502 plu·

553 2517 652 2582 rimcs
672 2515 753 2582 ulios
773 2516 929 2580 abeuntes
950 2515 1052 2594 video,
1070 2523 1141 2582 tum
1162 2537 1236 2582 vero
1258 2516 1359 2581 virum
1380 2517 1474 2602 plene
1495 2518 1655 2584 eruditum

555 2619 733 2683 Robertum
769 2618 935 2681 Abbotum
963 2618 996 2681 in
1025 2619 1285 2682 Dnnmsstrctiotee
1316 2640 1375 2682 sue
1400 2619 1596 2698 Aminnei,
1625 2621 1657 2684 in

556 2718 775 2802 Soolipcsdacis
791 2739 812 2781 e
832 2717 992 2802 Scaligero
1011 2717 1158 2782 leudibus
1181 2727 1305 2797 ornato,
1321 2720 1371 2784 oui
1396 2721 1523 2805 quidem
1538 2723 1657 2806 Papins

554 2820 681 2882 videtur
695 2817 767 2904 plus
781 2817 956 2882 traditione
970 2820 1047 2884 vivae
1066 2821 1152 2884 vocis
1171 2842 1266 2905 quam
1286 2823 1480 2906 consignatis
1501 2824 1534 2888 S.
1550 2824 1656 2909 Scrip-

554 2926 700 2984 turerum
721 2918 840 2982 tabulis
861 2919 1063 3003 acquievisse,
1079 2943 1107 2984 e.
1123 2923 1143 2984 i.
1159 2924 1188 3003 §-
1206 2942 1234 2987 2.
1282 2925 1355 2987 Hoc
1377 2924 1504 3008 quidem
1526 2947 1657 3010 prorsus

553 3018 692 3103 imperiti
707 3018 843 3082 hominis
857 3018 977 3096 suisset,
994 3042 1034 3084 ne
1048 3022 1176 3104 gravius
1191 3023 1268 3106 quid
1283 3025 1395 3102 dicam,
1412 3047 1487 3090 nem
1505 3027 1553 3092 ita
1567 3029 1657 3092 nudi·

553 3121 618 3186 tori
633 3121 740 3205 potius
754 3121 893 3197 credere,
909 3142 1004 3205 quam
1023 3120 1083 3205 ipsi
1105 3121 1228 3186 doctori
1248 3124 1397 3189 voluisset
1412 3126 1539 3210 Papias,
1555 3128 1583 3191 is
1603 3129 1657 3214 qui

553 3244 613 3286 sue
627 3221 696 3306 ipse
710 3221 812 3286 literis
832 3222 1086 3286 commendebat.
1132 3222 1284 3308 Alioquin
1302 3246 1370 3288 rem
1389 3248 1539 3312 magnam
1558 3238 1656 3315 atque

553 3323 739 3409 praeolerem
754 3323 849 3388 luisse
862 3323 1016 3399 novimus,
1028 3323 1060 3387 id
1072 3325 1158 3408 quod
1173 3325 1292 3408 optime
1307 3328 1404 3391 vertit
1419 3328 1564 3408 Rufinus,
1578 3335 1656 3399 oivoe

553 3426 632 3489 vocis
638 3424 856 3509 prmisque
870 3425 1086 3507 νυαρίοτονυυνυ.
1118 3425 1229 3510 Neque
1242 3449 1316 3491 vero
1331 3429 1462 3493 traditio
1477 3431 1656 3500 istiusmodi

552 3547 625 3589 oum
652 3525 799 3609 neglectu
834 3544 935 3586 socrae
965 3524 1132 3608 scripturoe
1162 3526 1311 3611 conjungi
1341 3530 1486 3606 solebct3
1518 3555 1656 3622 nomque

553 3624 703 3701 Irenoens,
719 3622 809 3706 cujus
824 3623 948 3707 peginae
963 3624 1028 3687 fere
1043 3647 1153 3690 onmes
1164 3628 1352 3694 testimoniis
1364 3631 1540 3698 divinarum
1555 3639 1655 3724 scrip-

551 3735 698 3790 turarum
712 3724 839 3788 refertae
859 3732 947 3801 sunt,
962 3727 1003 3789 de
1022 3748 1057 3790 se
1078 3727 1146 3810 ipso
1166 3728 1234 3792 haeo
1254 3731 1383 3804 scribit;
1409 3732 1568 3813 nimirum,
1583 3761 1656 3804 cum

548 3825 674 3910 juvenis
693 3825 866 3888 admodum
886 3834 980 3900 esset,
996 3827 1107 3891 audire
1128 3851 1161 3892 sc
1184 3830 1311 3895 solitum
1333 3855 1402 3898 esse
1423 3856 1444 3899 a
1466 3837 1656 3925 Polycarpo,

553 3947 625 4009 quae
649 3924 701 3989 ille
723 3926 763 3988 de
788 3926 919 3990 Christo
941 3927 1080 3991 Domino
1103 3929 1146 3991 ab
1169 3931 1327 3999 αὐτοπτοῖς
1347 3936 1530 4019 accepisset,
1555 3961 1656 4025 ecque

551 4026 669 4101 omnia,
680 4031 719 4089 ut
732 4025 792 4101 eit,
803 4048 875 4089 oum
891 4029 990 4091 sacris
1005 4029 1171 4113 seripturis
1186 4035 1412 4117 congruentic;
1429 4043 1530 4114 τοῦτο,
1541 4039 1655 4125 inquit,

551 4128 600 4190 καί
619 4129 687 4189 τότε
705 4127 805 4190 διὰτὸ
828 4128 914 4194 ἔλεος
935 4133 988 4191 τοῦ
1009 4135 1091 4193 Θεοῦ
1115 4132 1149 4194 τὸ
1173 4135 1218 4196 ἐπ’
1241 4136 1306 4213 ἐμοὶ
1332 4137 1459 4217 γεγονὸς
1485 4145 1655 4212 σπουδαίως

549 4229 667 4308 ἤκουον,
689 4229 997 4308 ὑπομνηματιζόμενος
1019 4230 1104 4306 αὐτὰ,
1128 4233 1180 4294 οὐκ
1204 4235 1237 4296 ἐν
1259 4234 1363 4316 χάρτῃ,
1387 4237 1457 4300 ἀλλ’
1482 4241 1573 4320 luni
1599 4246 1655 4331 ἐμῇ

550 4331 661 4414 καρδίῃ·
689 4331 737 4392 καὶ
756 4330 804 4393 ἀεὶ
824 4332 873 4392 διὰ
892 4330 947 4407 τὴν
966 4329 1056 4411 χάριν
1077 4333 1129 4395 τοῦ
1153 4338 1235 4398 Θεοῦ
1256 4340 1386 4417 γνησίως
1408 4341 1483 4404 or'rrd
1505 4343 1655 4425 ἄνομαρυ·

549 4437 651 4511 κῶμαι,
694 4430 796 4517 Epist.
818 4430 863 4493 ad
882 4430 1048 4494 Fhrimme
1069 4434 1155 4518 apud
1179 4435 1295 4500 Euseb.
1317 4439 1371 4502 lib.
1393 4463 1422 4503 v.
1443 4442 1527 4506 Hic.
1551 4467 1577 4507 c.
1604 4466 1655 4514 20.
