4359 5150
541 407 654 480 xxxiv
910 402 1216 475 PRAEFATIO.

543 605 766 686 Fortescue
787 600 1075 695 Knottesford‚
1089 602 1198 681 docti
1217 615 1260 681 et
1275 602 1332 709 pii
1350 597 1591 710 presbyteri,

541 739 609 821 cui
628 739 768 819 omnia
786 736 922 817 fausta
939 746 983 817 et
1003 732 1137 815 felicia
1156 762 1299 843 precor
1309 733 1327 815 ¹.

589 875 640 955 In
657 872 793 954 Variis
807 871 1077 954 Lectionibus
1092 871 1307 952 contextui
1323 871 1592 980 apponendis,

541 1008 664 1117 longe
694 1006 834 1118 plures
862 1004 1106 1100 attulissem,
1137 1005 1219 1085 nisi
1250 1008 1376 1086 bonas
1407 1006 1517 1087 inter
1549 1020 1593 1087 et

541 1142 700 1225 nullius
737 1143 846 1249 frugi
887 1139 1084 1222 lectiones
1122 1140 1464 1247 distinguendum
1504 1167 1592 1221 esse

541 1276 897 1374 existimaveram
946 1286 1217 1355 veruntamen
1252 1273 1286 1354 si
1322 1278 1416 1354 cum
1450 1272 1593 1381 aliquo

540 1424 710 1492 auctore
748 1409 861 1517 apud
901 1408 1130 1490 Eusebium
1169 1421 1339 1490 extante
1376 1408 1591 1516 negotium

542 1545 644 1627 mihi
676 1544 768 1639 fuit,
794 1572 958 1625 omnem
984 1543 1237 1638 varietatem,
1256 1573 1381 1653 quam
1407 1548 1492 1653 jam
1520 1544 1593 1625 ad·

541 1694 725 1764 notasset
744 1679 954 1761 Strothius
976 1678 1146 1761 Eusebii
1171 1680 1307 1761 editor
1335 1678 1593 1773 novissimus

541 1816 710 1898 nomine
729 1818 819 1925 ejus
839 1816 1026 1923 subjecto
1046 1816 1313 1923 repetendam
1333 1815 1475 1924 putavi
1491 1847 1500 1906 ;
1521 1816 1594 1897 ad-

540 1953 631 2034 dito
651 1950 859 2059 quidquid
886 1975 938 2029 ex
967 1949 1129 2057 scriptis
1156 1949 1330 2057 aliisque
1356 1948 1470 2030 libris
1495 1962 1594 2057 apte

541 2099 585 2168 et
606 2085 770 2167 utiliter
789 2085 1064 2194 promendum
1086 2085 1204 2165 foret.
1265 2085 1427 2173 Quibus
1449 2097 1592 2167 autem

584 2328 591 2373 ἰ
607 2331 724 2394 Denuo
738 2327 873 2393 collatus
886 2328 936 2391 hic
951 2328 1051 2392 codex
1063 2335 1113 2391 est
1128 2350 1148 2391 a
1166 2328 1232 2391 viro
1247 2328 1285 2391 cl.
1302 2326 1452 2391 Edvurdo
1468 2325 1592 2390 Burton

540 2432 580 2496 de
595 2430 744 2498 Historia
760 2427 889 2494 Eusebii
910 2432 1033 2495 edenda
1049 2431 1219 2515 cogitante.
1266 2426 1395 2494 Etenim
1417 2438 1490 2514 post
1509 2451 1592 2493 com·

540 2532 671 2597 missum
685 2531 774 2617 prelo
789 2552 874 2595 anno
894 2531 973 2595 1818
990 2539 1095 2595 totum
1110 2552 1190 2615 opus
1205 2552 1309 2594 meum
1324 2538 1390 2596 tres
1405 2530 1592 2616 prodierunt

541 2634 732 2699 Eusebianae
756 2634 912 2698 Historiae
936 2633 1100 2697 editiones.
1145 2634 1255 2698 Prima
1274 2633 1329 2697 illa
1350 2656 1371 2698 a
1390 2634 1427 2698 ol.
1452 2630 1594 2699 Ernesto

540 2737 799 2803 Zimmermanno
815 2736 1018 2800 Francosurti
1033 2737 1076 2800 ad
1093 2737 1237 2801 Moenum
1253 2759 1337 2800 anno
1353 2739 1438 2800 1822
1453 2758 1591 2810 exonsa;

539 2840 643 2905 altera
667 2860 742 2903 sane
766 2839 894 2924 egregia
915 2861 935 2902 a
962 2837 1050 2901 Frid.
1074 2838 1224 2922 Adolpho
1249 2838 1448 2902 Heinioheno
1476 2837 1593 2924 Lipsiae

540 2963 625 3006 anno
640 2943 727 3007 1827
740 2941 826 3025 typis
840 2940 1013 3011 mandata3
1041 2940 1155 3003 deinde
1173 2940 1271 3004 tertia
1285 2940 1336 3004 hio
1354 2940 1503 3016 indicata,
1521 2961 1593 3025 quae

541 3043 636 3128 paulo
661 3050 736 3128 post
761 3050 897 3107 mortem
923 3042 1182 3107 desideratissimi
1208 3042 1343 3107 Burtoni
1366 3042 1482 3107 Oxonii
1507 3065 1593 3107 anno

542 3146 628 3209 1838
649 3144 811 3231 publicata
830 3154 902 3222 est;
926 3145 958 3208 in
978 3145 1068 3229 cujus
1085 3145 1212 3229 quidem
1235 3167 1326 3209 usum
1349 3152 1466 3229 praeter
1486 3146 1594 3210 varias

541 3248 692 3313 lectiones
713 3248 838 3312 illorum
860 3248 1012 3323 codicum,
1038 3270 1117 3334 quos
1143 3247 1287 3333 superius
1316 3247 1496 3324 memoravi,
1521 3248 1592 3333 jam

541 3347 657 3413 iterum
677 3349 873 3424 oodotornm,
890 3347 1095 3432 suppeditata
1114 3348 1219 3412 fuerat
1234 3348 1372 3432 quinque
1388 3348 1523 3412 aliorum
1538 3372 1593 3414 ex·

541 3450 727 3535 emplarium
758 3450 914 3523 varietas3
948 3449 1095 3513 nimirum
1124 3452 1258 3515 duorum
1289 3450 1527 3528 Parisiensium‚
1558 3459 1593 3517 et

543 3551 801 3617 Florentinorum
813 3553 958 3626 duorum,
970 3551 1124 3636 uniusque
1138 3553 1263 3630 Veneti,
1275 3576 1293 3616 e
1307 3553 1421 3638 quibus
1436 3553 1593 3618 Venetum

542 3665 576 3718 ct
593 3652 772 3719 Parisiense
787 3653 874 3738 prius
889 3653 1004 3717 saectdo
1019 3654 1141 3718 decimo
1156 3654 1316 3741 adsignari
1329 3654 1440 3719 solent.
1480 3655 1592 3720 Alium

543 3763 699 3840 praeterea
712 3755 851 3820 codicem
867 3755 1020 3839 scriptum
1035 3757 1147 3820 attulit
1162 3756 1193 3819 in
1212 3757 1422 3842 Suppkmento
1436 3758 1593 3822 Natarum

542 3879 672 3921 suarum
696 3856 732 3919 io
757 3855 920 3920 Eusebium
945 3857 982 3920 cl.
1009 3857 1235 3921 Heinichenus.
1282 3859 1346 3920 Hae
1372 3858 1500 3923 fuerunt
1526 3859 1593 3924 fere

543 3959 673 4023 Eusebii
688 3958 854 4032 aditiones,
870 3981 953 4043 quse,
966 3958 1041 4043 qnia
1052 3959 1283 4024 Burtonianam
1295 3959 1485 4024 lectionibus
1497 3961 1593 4025 variis

541 4068 686 4126 recenter
716 4061 906 4125 instructam
941 4083 1098 4145 nusquam
1130 4083 1192 4124 non
1222 4062 1324 4126 habeo
1354 4062 1592 4139 nominandam,

542 4163 754 4226 memorandae
770 4162 847 4226 mihi
863 4163 1055 4226 viderentur.
