4359 5150
539 472 604 539 398
913 460 1270 528 ANNOTATIONES

541 643 562 674 “
577 633 715 720 plurium
729 631 881 695 librorum
897 630 1052 706 delectus,
1065 651 1160 715 quem
1174 651 1240 694 non
1253 629 1353 693 sernel
1363 628 1479 705 doleo;
1494 649 1636 713 unsqmn

540 742 561 772 ‘⁴
577 731 770 818 deprehendi
785 732 977 815 evulgatum,
990 753 1028 795 ac
1042 739 1217 815 prepterea
1230 751 1304 814 spes
1317 729 1398 792 mihi
1409 737 1566 813 superest,
1580 729 1638 792 lore

539 840 561 870 “
575 841 613 897 ut
627 832 777 895 libentius
791 830 1000 895 electoribus
1016 831 1203 915 accipiatur,
1219 851 1258 894 ac
1278 830 1442 916 praecipue
1462 830 1550 913 quod
1566 828 1640 894 aut}

539 941 561 972 “
576 932 733 1017 quitatem
747 932 890 995 redoleat
903 952 1026 995 summe
1042 931 1285 996 venerabilcm”

583 1032 710 1095 Deinde
735 1032 877 1096 ostendit
900 1032 1024 1116 opinari
1050 1056 1085 1096 se
1114 1034 1329 1108 Muraton'us,
1349 1032 1561 1097 tribuendum
1580 1052 1641 1095 asse

541 1134 770 1218 Fragmentum
792 1131 869 1196 (laio
895 1132 1036 1197 ecclesiae
1062 1134 1219 1198 Remanae
1240 1133 1440 1217 presbytero,
1465 1132 1521 1216 qui
1542 1129 1642 1194 floruit

540 1234 656 1299 saecule
671 1245 807 1297 exeunte
821 1234 970 1298 secunde.
1017 1234 1109 1298 Idem
1124 1235 1249 1299 censuit
1264 1256 1391 1319 queque
1405 1234 1448 1298 el.
1464 1232 1643 1298 Gallandius

540 1336 573 1399 iu
589 1333 827 1417 Prolegomenis
842 1334 920 1396 tomi
936 1334 968 1397 ii.
984 1333 1179 1399 Bibliotheca
1198 1358 1264 1399 suas
1278 1336 1417 1399 Petram
1437 1356 1472 1418 p.
1488 1332 1600 1396 xxxiii.
1615 1339 1642 1396 et

539 1439 710 1518 propterea
724 1434 809 1517 quod
825 1433 994 1510 Miltiadis,
1004 1434 1053 1496 vel
1068 1442 1106 1498 ut
1120 1435 1173 1498 hie
1187 1435 1338 1500 scribitur
1352 1455 1482 1509 nomeu,
1492 1432 1642 1507 Miticdir,

540 1534 681 1599 haeretici
696 1534 861 1617 cujusdam
875 1534 1070 1596 mentionem
1089 1534 1200 1618 injecit
1218 1535 1391 1618 fragmenti
1406 1538 1550 1610 Auctor,
1564 1531 1642 1596 istud

539 1636 623 1699 idem
638 1639 825 1719 excerptum
841 1634 911 1697 vult
927 1634 1115 1698 Gallandius
1134 1634 1296 1719 pertinere
1317 1635 1360 1699 ad
1375 1633 1642 1718 Disputationcm,

457 1762 460 1765 ’
541 1756 637 1820 quam
650 1735 802 1799 adversus
817 1734 989 1798 Proculum
1003 1756 1059 1797 seu
1075 1734 1226 1798 Proclum
1246 1723 1530 1819 cataphrygarum
1550 1741 1643 1798 seete·

541 1843 644 1900 terem
660 1834 756 1899 Gaius
775 1834 961 1919 composuit.
1006 1835 1198 1918 Anonymus
1217 1835 1302 1897 enim
1322 1834 1464 1919 scriptor
1483 1834 1572 1919 apud
1586 1833 1643 1897 Eu-

541 1934 662 1998 sebium
684 1934 740 1998 lib.
755 1957 783 1998 v.
799 1934 883 1998 Hie.
899 1957 927 1998 c.
946 1936 996 1998 16.
1011 1933 1096 1998 infra
1115 1934 1299 2011 collocatus,
1314 1935 1376 1999 sub
1396 1934 1504 2018 ipsum
1525 1934 1643 1997 initium

541 2034 654 2119 operis,
681 2036 766 2118 quod
791 2035 943 2099 adversus
968 2035 1193 2120 cataphrygae
1218 2035 1397 2111 contexuit,
1419 2034 1572 2098 haeresim
1594 2054 1644 2096 no

540 2133 643 2199 minat
658 2134 824 2197 Miltiadis.
863 2133 956 2214 Quod
972 2142 1082 2198 tamen
1097 2134 1259 2199 Gallandii
1273 2142 1511 2219 argumentum,
1524 2134 1645 2199 etiamsi

541 2236 582 2299 de
604 2234 740 2297 lectione
763 2234 931 2312 Miltiadis,
947 2235 996 2299 vel
1010 2236 1099 2319 apud
1120 2242 1285 2300 auctorem
1302 2234 1536 2312 Eusebianum,
1550 2234 1599 2298 vel
1616 2234 1645 2297 iu

541 2336 602 2399 hoc
614 2334 821 2419 Fragmeuto,
833 2334 912 2397 satis
926 2333 1117 2413 eonstiterit,
1128 2334 1215 2398 haud
1230 2335 1357 2419 quidem
1368 2335 1546 2399 veleretad
1555 2335 1644 2398 hocce

541 2436 754 2519 fragmentum
784 2432 863 2497 Caio
889 2432 1125 2498 vindicandum.
1178 2437 1235 2498 Ad
1256 2437 1325 2500 haea
1348 2435 1586 2500 Muratorianoe
1610 2435 1645 2497 ds

542 2536 621 2604 Gaio
642 2535 831 2620 conjecture
851 2542 1045 2620 opposuerat
1064 2557 1134 2600 sese
1148 2536 1192 2600 V.
1205 2536 1248 2600 D.
1269 2538 1456 2601 Everardus
1472 2536 1644 2613 Stosehius,

542 2637 595 2722 qui
621 2637 688 2720 ipsc
714 2636 746 2699 in
774 2638 1026 2700 Coiaawnletioae
1050 2637 1088 2699 de
1110 2637 1276 2700 Librorum
1297 2638 1383 2701 Neci
1412 2639 1491 2701 Tcet.
1519 2639 1643 2714 Oenone,

544 2740 690 2802 Francel.
706 2739 748 2800 ed
766 2740 791 2799 V
794 2738 917 2800 ladrum
933 2738 1009 2799 edit.
1022 2760 1107 2800 anno
1127 2756 1220 2821 1755,
1234 2739 1466 2823 Fragmentum
1483 2748 1559 2822 post
1576 2741 1643 2801 Mu·

542 2840 695 2904 raterium
711 2839 868 2921 repetivit.
915 2839 1021 2921 Neget
1036 2840 1121 2900 enim
1136 2840 1168 2900 in
1182 2841 1210 2919 ᾧ.
1223 2840 1300 2901 lxiii.
1313 2863 1343 2924 p.
1359 2860 1429 2923 199.
1444 2850 1642 2923 argumenta,

542 2963 612 3027 qum
628 2943 670 3004 ad
685 2942 900 3023 conjecturam
915 2961 1004 3002 suam
1020 2941 1303 3003 cemmendandam
1324 2941 1408 3002 idem
1426 2941 1521 3003 affert
1538 2942 1643 3003 Mura-

543 3044 655 3118 torius,
665 3043 692 3104 ci
708 3041 842 3103 multum
854 3040 1090 3124 probabilitatis
1107 3042 1291 3104 conciliare:
1309 3043 1432 3117 “Quod
1448 3043 1535 3104 enim
1553 3042 1643 3104 Gaius

544 3155 563 3181 “
579 3143 743 3228 epistolem
758 3143 800 3205 ad
816 3142 972 3204 Hebraeos
986 3142 1133 3225 rejecerit
1148 3151 1301 3225 tanquam
1317 3164 1380 3204 non
1396 3144 1601 3217 Canonicam,
1614 3141 1642 3203 id

544 3256 562 3283 “
578 3245 637 3329 ipsi
653 3266 724 3307 cum
739 3244 880 3327 pluribus
895 3243 975 3316 aliis,
992 3243 1116 3305 Irenaeo
1131 3266 1157 3306 e.
1173 3266 1204 3326 g.
1222 3252 1254 3306 et
1271 3243 1461 3326 Hippolyte,
1478 3244 1544 3305 imo
1565 3249 1642 3305 teste

544 3357 562 3385 “
580 3345 718 3409 Eusebio
733 3345 786 3408 lib.
804 3344 841 3406 vi.
859 3367 886 3406 c.
905 3364 954 3408 20.
971 3351 1004 3406 et
1021 3344 1219 3428 Hieronymo
1234 3346 1284 3406 Dc
1300 3345 1385 3406 Viris
1401 3344 1455 3405 Ill.
1469 3366 1497 3406 c.
1509 3345 1563 3407 60.
1576 3361 1642 3404 eum

544 3446 719 3530 “pluribus
742 3445 811 3507 aliis
838 3446 990 3508 Romanae
1017 3446 1154 3509 ecelesiae
1178 3447 1361 3510 doctoribus
1384 3465 1553 3508 commune
1576 3443 1641 3505 fuit.

544 3558 563 3585 “
579 3548 625 3610 Et
640 3548 724 3629 qued
742 3546 879 3609 Hermas
894 3547 1090 3631 temporibus
1106 3548 1260 3611 Auctoris
1276 3547 1457 3630 fragmenti,
1475 3546 1641 3608 Pastorem

544 3660 565 3689 “
582 3649 802 3733 conscripsisse
817 3649 950 3723 dicatur,
967 3649 1043 3724 (vid.
1056 3671 1153 3732 supra
1167 3672 1198 3732 p.
1213 3651 1303 3731 396.)
1320 3649 1352 3710 id
1366 3648 1408 3709 ad
1422 3647 1522 3709 alium
1539 3665 1642 3727 quem·

544 3762 563 3787 ‘⁸
579 3773 700 3832 cunque
716 3749 769 3831 qui
785 3772 823 3811 oa
837 3756 934 3811 aetate
950 3748 1038 3824 vixit,
1054 3749 1207 3831 applicari
1225 3747 1363 3831 potest.”
1409 3747 1495 3807 Dum
1512 3766 1587 3807 vero
1606 3743 1640 3805 cl.

543 3853 707 3916 Steschius
723 3853 775 3931 ἕξ.
786 3851 838 3913 lxi.
854 3858 887 3913 et
902 3850 966 3912 lxii.
980 3850 1193 3933 abjudicanda
1208 3849 1275 3911 haee
1287 3872 1307 3911 a
1318 3847 1399 3911 Caio
1411 3852 1533 3921 censet,
1549 3867 1638 3929 prep-

543 3964 632 4018 terea
654 3955 738 4037 qued
761 3953 844 4015 idem
867 3952 960 4014 (laius
985 3953 1071 4035 apud
1095 3951 1267 4013 Eusebium
1291 3950 1343 4011 lib.
1367 3949 1409 4010 iii.
1433 3949 1518 4009 Hiar.
1543 3970 1568 4009 e.
1594 3948 1639 4007 28.

544 4055 757 4141 Apocalypsin
782 4055 918 4117 Joannis
941 4054 1082 4117 Corinthi
1107 4077 1174 4116 esse
1197 4053 1369 4127 existimet,
1393 4073 1489 4135 quam
1517 4051 1640 4133 quidem

544 4160 669 4220 Auctor
683 4156 851 4239 fragmenti
867 4177 925 4239 pro
941 4155 1020 4216 libro
1036 4155 1188 4217 canonico
1203 4155 1320 4228 habet;
1343 4154 1376 4214 id
1390 4152 1573 4213 meminisse
1591 4151 1638 4211 de

543 4259 663 4332 bemus,
673 4259 769 4320 verba
781 4255 847 4318 Gaii
857 4263 964 4317 utrum
977 4256 1018 4316 ad
1030 4255 1244 4338 Apocalypsin
1258 4255 1289 4315 S.
1300 4257 1322 4315 J
1326 4253 1437 4316 oannis
1448 4250 1637 4335 pertineant,

542 4360 646 4422 adhuc
661 4359 719 4421 sub
731 4358 838 4442 judice
854 4379 940 4426 esse:
966 4358 1083 4441 quade
1100 4378 1133 4417 re
1149 4377 1218 4417 cum
1232 4378 1289 4417 nos
1303 4356 1344 4417 ad
1360 4354 1428 4437 ejus
1446 4353 1637 4437 Fragmenta

542 4460 660 4543 aliquid
675 4459 905 4534 annotavimus,
921 4459 953 4519 in
969 4458 1027 4520 vel.
1045 4457 1075 4519 ii.
1094 4457 1260 4539 Ileliqeiar.
1279 4478 1350 4539 pag.
1369 4458 1417 4517 16.
1431 4460 1502 4516 tum
1518 4450 1635 4515 vercel.
