4359 5150
613 456 680 519 242
987 454 1341 524 ANNOTATIONES

613 619 814 685 bibliotheca
830 620 993 688 Leidensie
1007 645 1185 709 anonymus
1199 624 1328 710 quidam
1345 624 1498 709 reposuit.
1545 624 1639 689 idem
1658 624 1717 689 hoo

614 729 749 807 praestat
778 724 928 807 (impias
956 727 1087 809 Syacell.
1114 732 1148 790 et
1177 723 1246 789 ἀλλ’
1270 723 1440 805 ἀναβάντες
1467 745 1527 810 per
1555 724 1717 790 elisionem

613 824 780 908 Hepeeippi
794 845 919 909 quoque
933 826 1128 911 Emptum.

660 927 698 988 Ρ.
712 943 749 988 αι
758 945 785 989 1.
801 926 821 989 l.
834 925 864 990 8.
887 928 911 991 ὢ
926 927 962 1013 d]
982 928 1203 994 Exclamantis
1217 950 1279 992 vox
1293 927 1327 991 in
1341 927 1608 1013 interpretatione
1623 932 1683 991 τόν
1693 924 1717 990 α’

615 1026 686 1111 plus
701 1027 798 1090 semel
813 1027 953 1093 inventa.

660 1128 743 1192 Ibid.
760 1128 781 1191 l.
795 1150 825 1214 9.
849 1132 883 1193 lv
897 1131 938 1215 af»
950 1128 1077 1215 Ἡσαΐᾳ]
1101 1130 1261 1194 Memoria
1274 1130 1398 1214 lapsum
1413 1149 1483 1193 esse
1499 1127 1718 1213 Hegesippum

614 1230 754 1294 affimat
781 1230 933 1316 Scaliger.
980 1233 1092 1316 Neque
1119 1232 1203 1295 enim
1230 1232 1314 1295 huno
1342 1230 1445 1293 locum
1471 1230 1558 1314 apud
1588 1228 1719 1294 Esaiam

614 1339 755 1408 exstare,
772 1332 829 1395 sed
850 1332 884 1395 in
906 1332 960 1396 lib.
978 1333 1031 1416 qui
1053 1333 1239 1397 inscribitur
1261 1332 1426 1418 Sapientia
1448 1331 1629 1395 Salomonis
1650 1353 1718 1417 cap.

614 1433 645 1498 ii.
692 1432 755 1497 Sed
784 1432 905 1497 lallitur
932 1434 1067 1518 ipsemet
1097 1434 1240 1519 Scaliger
1268 1434 1322 1518 qui
1348 1432 1570 1518 Hegesippum
1599 1439 1719 1497 temere

614 1534 829 1619 reprehendit.
875 1535 999 1599 Revera
1016 1536 1101 1599 enim
1121 1535 1173 1598 hic
1193 1535 1281 1598 locus
1295 1533 1412 1619 legitur
1425 1534 1459 1596 iu
1474 1534 1576 1597 Esaia
1589 1555 1661 1618 cap.
1676 1534 1717 1597 iii.

478 1723 480 1726 Ι
614 1638 752 1716 dicaam
763 1636 816 1699 τὸν
827 1637 951 1713 δίκαιον,
964 1639 1010 1700 ὅτι
1022 1640 1208 1720 δύσχρηστος
1218 1637 1287 1716 ἡμῖν
1299 1637 1372 1698 ἔστί·
1385 1637 1486 1699 τοίνυν
1496 1639 1534 1699 τὸ
1548 1636 1719 1718 γεννήματα

614 1744 674 1802 τῶν
699 1740 796 1820 ἔργων
818 1739 915 1802 αὐτῶν
938 1738 1098 1820 φάγονται.
1147 1740 1202 1801 Ita
1226 1736 1353 1821 quidem
1378 1735 1496 1821 legitur
1519 1736 1554 1800 in
1580 1736 1719 1801 editione

614 1838 769 1904 Romana.
815 1838 938 1903 Verum
960 1840 1111 1904 Justiuus
1134 1840 1167 1903 in
1191 1838 1317 1925 dialogo
1339 1840 1492 1903 adversus
1515 1838 1719 1923 Tryphonem

613 1940 733 2005 diserte
755 1947 897 2005 testetur
910 1941 943 2004 in
958 1941 1098 2005 editione
1111 1942 1214 2005 LXX
1225 1943 1444 2027 Interpretum
1456 1940 1613 2026 scriptum
1625 1940 1719 2004 iniase

613 2042 732 2123 ὄρωρεν
746 2042 799 2105 τὸν
823 2045 937 2106 δίκαιον
957 2064 1016 2128 pro
1030 2065 1095 2128 quo
1110 2043 1134 2107 J
1135 2044 1240 2108 udaiei
1255 2043 1447 2129 interpretes
1465 2042 1606 2123 δήωμεν
1619 2049 1719 2107 verte-

613 2150 698 2207 rant.
744 2143 866 2208 Justini
889 2144 1058 2208 lectionem
1078 2146 1248 2210 confirmat
1267 2146 1366 2210 etiam
1381 2144 1598 2209 Tertullianus
1616 2144 1650 2207 in
1664 2143 1717 2207 lio.

612 2242 656 2307 iii.
672 2252 786 2309 contra
800 2244 957 2309 Marcion.
974 2268 1000 2309 c.
1019 2265 1069 2310 22.
1110 2247 1223 2325 Venite,
1236 2247 1388 2331 inquirat,
1402 2245 1719 2337 caseammjestam,

613 2344 688 2429 qaia
707 2345 829 2409 inutilia
847 2356 888 2410 eet
906 2346 999 2412 aba.
1044 2350 1109 2413 Sed
1123 2357 1157 2414 et
1171 2349 1206 2413 in
1224 2369 1263 2413 eo
1282 2348 1414 2424 fallitur,
1429 2349 1514 2433 quod
1530 2348 1619 2433 apud
1635 2347 1719 2411 Rufi-

614 2466 691 2509 num
713 2469 773 2531 pro
793 2447 892 2512 Esaia
915 2448 1114 2514 Hieremiam
1137 2449 1232 2514 scribi
1256 2449 1343 2514 dicit.
1389 2450 1493 2514 Porro
1517 2447 1719 2536 Hegesippus

613 2546 698 2612 hunc
714 2549 820 2615 Esaiae
839 2551 943 2616 locum
966 2574 1062 2638 quem
1083 2553 1162 2631 dixi,
1176 2553 1210 2618 in
1231 2561 1339 2619 mente
1359 2552 1472 2618 habuit
1493 2552 1591 2638 paulo
1613 2573 1717 2638 supra

615 2674 686 2714 oum
709 2653 839 2728 diceret,
855 2654 1015 2717 Jacobum
1037 2678 1057 2718 a
1078 2656 1245 2739 prophetis
1267 2657 1391 2739 justum
1418 2677 1486 2718 esse
1511 2654 1716 2739 appellatum.

615 2757 752 2817 ἐκαλεῖτο
776 2758 886 2820 δίκαιος
909 2757 947 2821 ὡς
969 2760 998 2818 οἱ
1020 2763 1170 2838 προφῆται
1190 2764 1315 2835 δηλοῦσι
1337 2761 1402 2839 περὶ
1427 2760 1527 2821 αὐτοῦ.
1552 2757 1716 2818 Venusiae.

610 2854 750 2936 Ἀρωμεν
764 2856 816 2918 τὸν
834 2860 947 2920 δίκαιον
965 2861 1019 2921 &a
1080 2862 1135 2923 Ita
1150 2860 1233 2921 hunc
1248 2860 1351 2921 locum
1367 2882 1387 2922 a
1404 2859 1509 2921 LXX
1527 2858 1604 2922 olim
1620 2859 1715 2941 serip-

615 2964 684 3020 tum
706 2958 802 3021 fuisso
825 2966 966 3022 testatur
979 2961 1129 3023 Justinus
1150 2963 1282 3044 Martyr
1300 2961 1436 3044 Dialogo
1456 2982 1528 3022 cum
1550 2961 1718 3044 Tryphone

616 3082 644 3143 p.
656 3063 730 3142 367.
746 3061 806 3123 etsi
822 3061 903 3123 idem
920 3062 993 3124 alibi
1010 3085 1041 3144 p.
1057 3079 1127 3145 235.
1141 3069 1174 3124 et
1190 3084 1218 3143 p.
1232 3064 1305 3143 362.
1319 3062 1386 3145 ipsc
1401 3062 1499 3124 habet
1514 3061 1654 3140 δήσωμεν
1668 3061 1717 3123 τὸν

616 3164 737 3235 δίκαιον,
758 3164 915 3243 quomodo
938 3163 970 3224 iu
989 3162 1127 3246 vulgatis
1150 3162 1325 3225 Bibliorum
1349 3164 1534 3226 Graecorum
1558 3163 1717 3225 codicibus

616 3263 710 3325 hodie
725 3264 851 3347 legitur,
868 3273 901 3327 et
923 3265 1045 3348 pridem
1061 3264 1139 3346 legit
1157 3264 1323 3327 Barnabas
1338 3265 1370 3326 in
1386 3263 1520 3347 epistola
1535 3285 1604 3347 cap.
1622 3266 1652 3326 6.
1666 3262 1717 3347 qui

616 3388 679 3428 non
706 3367 745 3427 dc
770 3366 793 3427 J
796 3367 894 3428 acobo
922 3368 976 3428 sed
1004 3366 1133 3428 Christo
1160 3365 1322 3448 prophetae
1349 3366 1445 3428 verba
1475 3365 1716 3448 interpretatur,

617 3469 701 3550 quod
716 3468 793 3530 iacit
808 3469 970 3530 universus
986 3477 1114 3551 patrum
1130 3467 1244 3529 chorus
1256 3469 1440 3530 Graecorum
1457 3466 1716 3550 Latinorumque.

612 3567 751 3647 Ἀρωμεν
771 3570 867 3632 habet
889 3570 986 3632 etiam
1008 3569 1153 3631 Clemens
1175 3568 1269 3631 Alex.
1285 3590 1314 3630 v.
1328 3568 1445 3630 Strom.
1462 3590 1492 3651 p.
1506 3569 1580 3630 601.
1594 3575 1628 3632 et
1644 3567 1718 3630 Ter·

616 3670 765 3733 tullianus
787 3671 829 3732 iii.
848 3690 897 3751 27.
914 3680 1026 3734 contra
1046 3670 1254 3746 Marcionem,
1271 3672 1455 3753 auferamus.
1501 3670 1555 3732 Ad
1571 3671 1717 3733 Graecam

617 3770 721 3832 Esaiae
737 3772 911 3835 versionem
931 3773 1043 3835 alludit
1067 3772 1141 3855 Sap.
1160 3771 1191 3833 ii.
1210 3791 1259 3834 12.
1278 3774 1498 3852 ἐνεδρεύσωμεν
1521 3771 1573 3832 τὸν
1594 3772 1716 3842 δίκαιον,

616 3874 699 3936 undo
714 3874 827 3936 librum
845 3874 931 3937 illum
944 3876 1054 3937 Graece
1069 3895 1132 3936 non
1145 3873 1280 3936 Ebraicc
1295 3874 1448 3957 scriptum
1463 3893 1532 3935 esee
1549 3870 1718 3956 colligebat

619 3976 787 4039 Lemonius
804 3977 896 4039 Notis
918 3978 958 4040 ad
976 3977 1077 4040 Varia
1099 3976 1198 4038 Sacra
1212 3997 1243 4059 p.
1255 3991 1329 4058 595.
1376 3977 1478 4037 Porro
1494 3973 1671 4036 Ruiuartus
1686 3973 1718 4035 iu

616 4078 709 4141 Actis
740 4078 871 4141 selectis
902 4080 1084 4161 Martyrum
1111 4101 1140 4161 p.
1163 4096 1193 4156 7.
1214 4077 1364 4140 observat
1388 4099 1450 4138 uon
1476 4084 1606 4140 tantum
1632 4076 1717 4160 apud

618 4180 791 4242 Beronium
816 4181 856 4243 ad
879 4180 918 4242 Α.
936 4181 970 4243 G.
987 4181 1061 4242 lxiii.
1080 4204 1110 4243 n.
1124 4181 1152 4241 6.
1170 4180 1224 4241 aed
1250 4186 1283 4242 et
1307 4179 1340 4241 in
1362 4180 1455 4241 codd.
1472 4178 1568 4242 MSS.
1587 4177 1717 4241 Eusebii

615 4282 699 4345 hunc
722 4282 894 4365 Scriptura
912 4282 1015 4344 locum
1036 4283 1145 4345 referri
1168 4304 1231 4344 non
1254 4283 1295 4344 ad
1319 4281 1457 4357 Esaiam,
1475 4282 1530 4344 scd
1545 4281 1588 4343 ad
1603 4281 1716 4344 librum

616 4384 797 4468 Sapientiae.
823 4385 1000 4446 Fauaicms.
1033 4385 1223 4467 Quanquam
1239 4384 1372 4446 Rufinus
1387 4406 1458 4446 cum
1473 4383 1632 4468 vulgatus,
1648 4391 1716 4446 tum

614 4486 647 4552 in
662 4486 792 4570 collegio
807 4494 918 4550 nostro
934 4487 1060 4564 MStus,
1077 4487 1175 4551 habet
1191 4489 1225 4550 ia
1240 4488 1340 4560 Ieaic,
1356 4495 1465 4551 tamen
1486 4486 1593 4551 editor
1611 4505 1714 4549 receu-
