<?xml version="1.0" encoding="UTF-8"?>
<!DOCTYPE html PUBLIC "-//W3C//DTD XHTML 1.0 Transitional//EN"
    "http://www.w3.org/TR/xhtml1/DTD/xhtml1-transitional.dtd">
<html xmlns="http://www.w3.org/1999/xhtml" xml:lang="en" lang="en">
 <head>
  <title>
</title>
<meta http-equiv="Content-Type" content="text/html;charset=utf-8" />
  <meta name='ocr-system' content='tesseract 3.04.00' />
  <meta name='ocr-capabilities' content='ocr_page ocr_carea ocr_par ocr_line ocrx_word'/>
</head>
<body>
  <div class='ocr_page' id='page_1' title='image "./reliquiaesacrae04routgoog_0290.png"; bbox 0 0 4359 5150; ppageno 0'>
   <div class='ocr_carea' id='block_1_1' title="bbox 620 445 1352 512">
    <p class='ocr_par' dir='ltr' id='par_1_1' title="bbox 620 445 1352 512">
     <span class='ocr_line' id='line_1_1' title="bbox 620 445 1352 512; baseline 0.003 -3"><span class='ocrx_word' id='word_1_1' title='bbox 620 448 687 510; x_wconf 73' lang='lat'><strong>240</strong></span> <span class='ocrx_word' id='word_1_2' title='bbox 996 445 1352 512; x_wconf 80' lang='lat' dir='ltr'><strong>ANNOTATIONES</strong></span> 
     </span>
    </p>
   </div>
   <div class='ocr_carea' id='block_1_2' title="bbox 618 614 1722 1617">
    <p class='ocr_par' dir='ltr' id='par_1_2' title="bbox 618 614 1722 1617">
     <span class='ocr_line' id='line_1_2' title="bbox 620 614 1721 702; baseline -0.001 -20"><span class='ocrx_word' id='word_1_3' title='bbox 620 618 693 682; x_wconf 90' lang='lat' dir='ltr'><strong>buic</strong></span> <span class='ocrx_word' id='word_1_4' title='bbox 713 639 792 681; x_wconf 83' lang='lat' dir='ltr'><strong>meae</strong></span> <span class='ocrx_word' id='word_1_5' title='bbox 812 615 1003 699; x_wconf 66' lang='lat' dir='ltr'><strong>conjecturae</strong></span> <span class='ocrx_word' id='word_1_6' title='bbox 1025 616 1182 682; x_wconf 84' lang='lat' dir='ltr'>Simeonis</span> <span class='ocrx_word' id='word_1_7' title='bbox 1202 616 1437 702; x_wconf 82' lang='lat' dir='ltr'><strong>Metaphrastis</strong></span> <span class='ocrx_word' id='word_1_8' title='bbox 1457 616 1557 681; x_wconf 87' lang='lat' dir='ltr'><strong>verba</strong></span> <span class='ocrx_word' id='word_1_9' title='bbox 1572 615 1612 680; x_wconf 81' lang='lat' dir='ltr'><strong>de</strong></span> <span class='ocrx_word' id='word_1_10' title='bbox 1626 614 1721 681; x_wconf 71' lang='lat' dir='ltr'><strong>aaa</strong></span> 
     </span>
     <span class='ocr_line' id='line_1_3' title="bbox 619 717 1721 805; baseline -0.004 -20"><span class='ocrx_word' id='word_1_11' title='bbox 619 720 729 786; x_wconf 66' lang='lat' dir='ltr'><strong>Jacobs·</strong></span> <span class='ocrx_word' id='word_1_12' title='bbox 743 744 774 805; x_wconf 90' lang='lat' dir='ltr'><strong>p.</strong></span> <span class='ocrx_word' id='word_1_13' title='bbox 784 739 828 804; x_wconf 82' lang='lat'><strong>52</strong></span> <span class='ocrx_word' id='word_1_14' title='bbox 828 740 859 803; x_wconf 82' lang='lat'><strong>5.</strong></span> <span class='ocrx_word' id='word_1_15' title='bbox 895 717 983 783; x_wconf 78' lang='grc' dir='ltr'>Ἐπεὶ</span> <span class='ocrx_word' id='word_1_16' title='bbox 996 722 1050 784; x_wconf 80' lang='grc' dir='ltr'><strong>οῦν</strong></span> <span class='ocrx_word' id='word_1_17' title='bbox 1064 722 1081 783; x_wconf 86' lang='lat' dir='ltr'><strong>d</strong></span> <span class='ocrx_word' id='word_1_18' title='bbox 1097 722 1198 801; x_wconf 82' lang='grc' dir='ltr'>καιρὸς</span> <span class='ocrx_word' id='word_1_19' title='bbox 1212 719 1314 783; x_wconf 77' lang='grc' dir='ltr'>ἐκάλει</span> <span class='ocrx_word' id='word_1_20' title='bbox 1323 720 1378 783; x_wconf 82' lang='grc' dir='ltr'><strong>τὸο</strong></span> <span class='ocrx_word' id='word_1_21' title='bbox 1390 718 1515 800; x_wconf 64' lang='grc' dir='ltr'>ἀριστέα</span> <span class='ocrx_word' id='word_1_22' title='bbox 1525 722 1636 797; x_wconf 80' lang='grc' dir='ltr'>στῆναι</span> <span class='ocrx_word' id='word_1_23' title='bbox 1651 721 1721 782; x_wconf 69' lang='grc' dir='ltr'>κατὰ</span> 
     </span>
     <span class='ocr_line' id='line_1_4' title="bbox 619 820 1719 905; baseline 0.001 -20"><span class='ocrx_word' id='word_1_24' title='bbox 619 829 672 886; x_wconf 90' lang='grc' dir='ltr'><strong>τοῦ</strong></span> <span class='ocrx_word' id='word_1_25' title='bbox 693 824 834 904; x_wconf 79' lang='grc' dir='ltr'>ψεύδους,</span> <span class='ocrx_word' id='word_1_26' title='bbox 850 821 884 883; x_wconf 80' lang='grc' dir='ltr'><strong>οὗ</strong></span> <span class='ocrx_word' id='word_1_27' title='bbox 902 820 1026 900; x_wconf 68' lang='grc' dir='ltr'>μέλλον</span> <span class='ocrx_word' id='word_1_28' title='bbox 1045 820 1093 900; x_wconf 77' lang='grc' dir='ltr'><strong>ἦν,</strong></span> <span class='ocrx_word' id='word_1_29' title='bbox 1113 821 1181 884; x_wconf 72' lang='grc' dir='ltr'>οὐδὲ</span> <span class='ocrx_word' id='word_1_30' title='bbox 1202 822 1298 905; x_wconf 79' lang='grc' dir='ltr'>δειλίη</span> <span class='ocrx_word' id='word_1_31' title='bbox 1316 820 1371 899; x_wconf 75' lang='grc' dir='ltr'><strong>τὴν</strong></span> <span class='ocrx_word' id='word_1_32' title='bbox 1390 820 1538 899; x_wconf 73' lang='grc' dir='ltr'>ἀλήθειαν</span> <span class='ocrx_word' id='word_1_33' title='bbox 1557 822 1719 900; x_wconf 64' lang='grc' dir='ltr'>προδιδοῦς’</span> 
     </span>
     <span class='ocr_line' id='line_1_5' title="bbox 620 921 1721 1005; baseline 0.001 -19"><span class='ocrx_word' id='word_1_34' title='bbox 620 926 702 987; x_wconf 76' lang='grc' dir='ltr'>ἀλλὰ</span> <span class='ocrx_word' id='word_1_35' title='bbox 723 924 771 986; x_wconf 80' lang='grc' dir='ltr'><strong>καὶ</strong></span> <span class='ocrx_word' id='word_1_36' title='bbox 790 922 893 1005; x_wconf 67' lang='grc' dir='ltr'>ψυχὴν</span> <span class='ocrx_word' id='word_1_37' title='bbox 914 923 962 985; x_wconf 84' lang='grc' dir='ltr'><strong>καὶ</strong></span> <span class='ocrx_word' id='word_1_38' title='bbox 982 928 1120 1005; x_wconf 82' lang='grc' dir='ltr'>γλῶτταν</span> <span class='ocrx_word' id='word_1_39' title='bbox 1140 922 1385 1003; x_wconf 75' lang='grc' dir='ltr'>ἐλευθερώτατοο·</span> <span class='ocrx_word' id='word_1_40' title='bbox 1412 922 1461 985; x_wconf 78' lang='grc' dir='ltr'><strong>καὶ</strong></span> <span class='ocrx_word' id='word_1_41' title='bbox 1480 921 1620 1003; x_wconf 74' lang='grc' dir='ltr'>μεγάλην</span> <span class='ocrx_word' id='word_1_42' title='bbox 1640 922 1721 987; x_wconf 59' lang='lat' dir='ltr'><strong>atla</strong></span> 
     </span>
     <span class='ocr_line' id='line_1_6' title="bbox 620 1021 1720 1107; baseline -0.002 -20"><span class='ocrx_word' id='word_1_43' title='bbox 620 1025 708 1105; x_wconf 73' lang='grc' dir='ltr'>ἀφεὶς</span> <span class='ocrx_word' id='word_1_44' title='bbox 718 1024 895 1105; x_wconf 54' lang='lat' dir='ltr'><strong>mcccciv,</strong></span> <span class='ocrx_word' id='word_1_45' title='bbox 904 1026 936 1087; x_wconf 82' lang='grc' dir='ltr'><strong>τί</strong></span> <span class='ocrx_word' id='word_1_46' title='bbox 946 1049 984 1103; x_wconf 90' lang='grc' dir='ltr'><strong>με</strong></span> <span class='ocrx_word' id='word_1_47' title='bbox 1000 1026 1127 1102; x_wconf 74' lang='grc' dir='ltr'>ἐρωτᾶτε</span> <span class='ocrx_word' id='word_1_48' title='bbox 1137 1025 1193 1087; x_wconf 80' lang='lat' dir='ltr'><strong>&amp;a</strong></span> <span class='ocrx_word' id='word_1_49' title='bbox 1224 1025 1304 1087; x_wconf 79' lang='lat' dir='ltr'><strong>(lum</strong></span> <span class='ocrx_word' id='word_1_50' title='bbox 1314 1021 1395 1087; x_wconf 82' lang='lat' dir='ltr'><strong>istae</strong></span> <span class='ocrx_word' id='word_1_51' title='bbox 1406 1022 1531 1086; x_wconf 81' lang='lat' dir='ltr'><strong>interea</strong></span> <span class='ocrx_word' id='word_1_52' title='bbox 1546 1023 1720 1107; x_wconf 82' lang='lat' dir='ltr'><strong>quoestione</strong></span> 
     </span>
     <span class='ocr_line' id='line_1_7' title="bbox 621 1124 1720 1209; baseline -0.001 -22"><span class='ocrx_word' id='word_1_53' title='bbox 621 1124 788 1189; x_wconf 78' lang='lat' dir='ltr'><strong>Fabricius</strong></span> <span class='ocrx_word' id='word_1_54' title='bbox 806 1125 929 1190; x_wconf 78' lang='lat' dir='ltr'><strong>confert</strong></span> <span class='ocrx_word' id='word_1_55' title='bbox 944 1125 1030 1189; x_wconf 85' lang='lat' dir='ltr'><strong>illam</strong></span> <span class='ocrx_word' id='word_1_56' title='bbox 1044 1148 1064 1188; x_wconf 89' lang='lat' dir='ltr'><strong>a</strong></span> <span class='ocrx_word' id='word_1_57' title='bbox 1079 1125 1103 1188; x_wconf 91' lang='lat' dir='ltr'><strong>J</strong></span> <span class='ocrx_word' id='word_1_58' title='bbox 1105 1126 1205 1189; x_wconf 85' lang='lat' dir='ltr'><strong>udaeis</strong></span> <span class='ocrx_word' id='word_1_59' title='bbox 1220 1124 1358 1188; x_wconf 92' lang='lat' dir='ltr'><strong>Domino</strong></span> <span class='ocrx_word' id='word_1_60' title='bbox 1373 1124 1433 1208; x_wconf 90' lang='lat' dir='ltr'><strong>ipsi</strong></span> <span class='ocrx_word' id='word_1_61' title='bbox 1447 1124 1658 1209; x_wconf 75' lang='lat' dir='ltr'><strong>propositam,</strong></span> <span class='ocrx_word' id='word_1_62' title='bbox 1672 1126 1720 1189; x_wconf 81' lang='lat' dir='ltr'><strong>Jo.</strong></span> 
     </span>
     <span class='ocr_line' id='line_1_8' title="bbox 619 1226 1722 1312; baseline 0.001 -22"><span class='ocrx_word' id='word_1_63' title='bbox 619 1250 652 1290; x_wconf 87' lang='lat' dir='ltr'><strong>x.</strong></span> <span class='ocrx_word' id='word_1_64' title='bbox 678 1247 729 1305; x_wconf 79' lang='grc' dir='ltr'><strong>οη.</strong></span> <span class='ocrx_word' id='word_1_65' title='bbox 774 1230 936 1291; x_wconf 87' lang='lat' dir='ltr'><strong>Caeterum</strong></span> <span class='ocrx_word' id='word_1_66' title='bbox 964 1227 1183 1312; x_wconf 74' lang='lat' dir='ltr'>repetentibus</span> <span class='ocrx_word' id='word_1_67' title='bbox 1211 1249 1286 1291; x_wconf 85' lang='lat' dir='ltr'><strong>mox</strong></span> <span class='ocrx_word' id='word_1_68' title='bbox 1314 1226 1391 1289; x_wconf 91' lang='lat' dir='ltr'><strong>illud</strong></span> <span class='ocrx_word' id='word_1_69' title='bbox 1419 1230 1473 1288; x_wconf 87' lang='grc' dir='ltr'><strong>τοῦ</strong></span> <span class='ocrx_word' id='word_1_70' title='bbox 1502 1226 1722 1307; x_wconf 66' lang='lat' dir='ltr'><strong>aucupabimur</strong></span> 
     </span>
     <span class='ocr_line' id='line_1_9' title="bbox 619 1326 1721 1414; baseline -0.005 -20"><span class='ocrx_word' id='word_1_71' title='bbox 619 1329 821 1405; x_wconf 75' lang='lat' dir='ltr'><strong>editionibus,</strong></span> <span class='ocrx_word' id='word_1_72' title='bbox 851 1328 935 1391; x_wconf 89' lang='lat' dir='ltr'><strong>idem</strong></span> <span class='ocrx_word' id='word_1_73' title='bbox 969 1330 1214 1414; x_wconf 84' lang='lat' dir='ltr'><strong>expungendum</strong></span> <span class='ocrx_word' id='word_1_74' title='bbox 1248 1326 1366 1401; x_wconf 87' lang='lat' dir='ltr'><strong>censui,</strong></span> <span class='ocrx_word' id='word_1_75' title='bbox 1395 1326 1593 1391; x_wconf 84' lang='lat' dir='ltr'><strong>auctoritate</strong></span> <span class='ocrx_word' id='word_1_76' title='bbox 1631 1327 1721 1395; x_wconf 81' lang='lat' dir='ltr'><strong>nixus</strong></span> 
     </span>
     <span class='ocr_line' id='line_1_10' title="bbox 618 1427 1721 1516; baseline -0.004 -21"><span class='ocrx_word' id='word_1_77' title='bbox 618 1432 718 1495; x_wconf 85' lang='lat' dir='ltr'><em>MSS.</em></span> <span class='ocrx_word' id='word_1_78' title='bbox 734 1431 825 1494; x_wconf 83' lang='lat' dir='ltr'><strong>Bodl.</strong></span> <span class='ocrx_word' id='word_1_79' title='bbox 837 1438 871 1495; x_wconf 89' lang='lat' dir='ltr'><strong>et</strong></span> <span class='ocrx_word' id='word_1_80' title='bbox 885 1431 1024 1515; x_wconf 70' lang='lat' dir='ltr'><strong>Norfhk.</strong></span> <span class='ocrx_word' id='word_1_81' title='bbox 1039 1431 1260 1516; x_wconf 63' lang='lat' dir='ltr'><strong>Hegesippieui</strong></span> <span class='ocrx_word' id='word_1_82' title='bbox 1272 1430 1422 1515; x_wconf 69' lang='grc' dir='ltr'>Εοοοιηιῦὶ</span> <span class='ocrx_word' id='word_1_83' title='bbox 1435 1428 1527 1492; x_wconf 86' lang='lat' dir='ltr'><strong>Bodl.</strong></span> <span class='ocrx_word' id='word_1_84' title='bbox 1542 1427 1721 1513; x_wconf 68' lang='lat' dir='ltr'><strong>Nicephori,</strong></span> 
     </span>
     <span class='ocr_line' id='line_1_11' title="bbox 619 1530 1721 1617; baseline -0.004 -20"><span class='ocrx_word' id='word_1_85' title='bbox 619 1532 762 1615; x_wconf 66' lang='lat' dir='ltr'><strong>Surculi,</strong></span> <span class='ocrx_word' id='word_1_86' title='bbox 783 1533 956 1617; x_wconf 78' lang='lat' dir='ltr'><strong>Rufiuique,</strong></span> <span class='ocrx_word' id='word_1_87' title='bbox 972 1554 1057 1596; x_wconf 91' lang='lat' dir='ltr'><strong>nnnc</strong></span> <span class='ocrx_word' id='word_1_88' title='bbox 1076 1533 1161 1596; x_wconf 88' lang='lat' dir='ltr'><strong>addo</strong></span> <span class='ocrx_word' id='word_1_89' title='bbox 1180 1532 1243 1597; x_wconf 76' lang='lat' dir='ltr'><strong>au.</strong></span> <span class='ocrx_word' id='word_1_90' title='bbox 1266 1542 1426 1617; x_wconf 69' lang='lat' dir='ltr'><strong>utriumque</strong></span> <span class='ocrx_word' id='word_1_91' title='bbox 1445 1530 1670 1608; x_wconf 65' lang='lat' dir='ltr'><strong>Feretrium,</strong></span> <span class='ocrx_word' id='word_1_92' title='bbox 1690 1536 1721 1594; x_wconf 88' lang='lat' dir='ltr'><strong>et</strong></span> 
     </span>
    </p>
   </div>
   <div class='ocr_carea' id='block_1_3' title="bbox 618 1633 1720 1719">
    <p class='ocr_par' dir='ltr' id='par_1_3' title="bbox 618 1633 1720 1719">
     <span class='ocr_line' id='line_1_12' title="bbox 618 1633 1720 1719; baseline -0.002 -21"><span class='ocrx_word' id='word_1_93' title='bbox 618 1635 775 1698; x_wconf 75' lang='lat' dir='ltr'><strong>referente</strong></span> <span class='ocrx_word' id='word_1_94' title='bbox 796 1634 952 1711; x_wconf 77' lang='lat' dir='ltr'><strong>Bariana,</strong></span> <span class='ocrx_word' id='word_1_95' title='bbox 967 1633 1020 1719; x_wconf 89' lang='lat' dir='ltr'><strong>qui</strong></span> <span class='ocrx_word' id='word_1_96' title='bbox 1043 1657 1167 1699; x_wconf 89' lang='lat' dir='ltr'><strong>mecum</strong></span> <span class='ocrx_word' id='word_1_97' title='bbox 1186 1640 1240 1700; x_wconf 87' lang='grc' dir='ltr'><strong>τοῦ</strong></span> <span class='ocrx_word' id='word_1_98' title='bbox 1258 1634 1482 1715; x_wconf 62' lang='lat' dir='ltr'><strong>mutaturos</strong></span> <span class='ocrx_word' id='word_1_99' title='bbox 1501 1633 1535 1697; x_wconf 91' lang='lat' dir='ltr'><strong>in</strong></span> <span class='ocrx_word' id='word_1_100' title='bbox 1551 1641 1647 1697; x_wconf 88' lang='lat' dir='ltr'><strong>textu</strong></span> <span class='ocrx_word' id='word_1_101' title='bbox 1667 1653 1720 1696; x_wconf 87' lang='lat' dir='ltr'><strong>suo</strong></span> 
     </span>
    </p>
   </div>
   <div class='ocr_carea' id='block_1_4' title="bbox 518 1736 1722 1816">
    <p class='ocr_par' dir='ltr' id='par_1_4' title="bbox 518 1736 1722 1816">
     <span class='ocr_line' id='line_1_13' title="bbox 518 1736 1722 1816; baseline -0.002 -16"><span class='ocrx_word' id='word_1_102' title='bbox 518 1769 522 1777; x_wconf 96' lang='lat'>·</span> <span class='ocrx_word' id='word_1_103' title='bbox 619 1736 736 1813; x_wconf 77' lang='lat' dir='ltr'><strong>omisit,</strong></span> <span class='ocrx_word' id='word_1_104' title='bbox 748 1737 838 1800; x_wconf 91' lang='lat' dir='ltr'><strong>codd.</strong></span> <span class='ocrx_word' id='word_1_105' title='bbox 855 1736 942 1800; x_wconf 68' lang='lat' dir='ltr'><strong>Meu.</strong></span> <span class='ocrx_word' id='word_1_106' title='bbox 953 1737 1042 1800; x_wconf 68' lang='lat' dir='ltr'><strong>Mae.</strong></span> <span class='ocrx_word' id='word_1_107' title='bbox 1052 1737 1160 1801; x_wconf 69' lang='lat' dir='ltr'><strong>Peru.</strong></span> <span class='ocrx_word' id='word_1_108' title='bbox 1176 1760 1201 1801; x_wconf 88' lang='lat'><strong>1.</strong></span> <span class='ocrx_word' id='word_1_109' title='bbox 1220 1737 1321 1801; x_wconf 84' lang='lat' dir='ltr'><strong>Veuet.</strong></span> <span class='ocrx_word' id='word_1_110' title='bbox 1338 1737 1414 1800; x_wconf 90' lang='lat' dir='ltr'><strong>dum</strong></span> <span class='ocrx_word' id='word_1_111' title='bbox 1428 1740 1482 1800; x_wconf 87' lang='grc' dir='ltr'><strong>τοῦ</strong></span> <span class='ocrx_word' id='word_1_112' title='bbox 1496 1744 1573 1800; x_wconf 83' lang='lat' dir='ltr'><strong>ente</strong></span> <span class='ocrx_word' id='word_1_113' title='bbox 1587 1736 1689 1816; x_wconf 80' lang='grc' dir='ltr'>Ἰησοῦ</span> <span class='ocrx_word' id='word_1_114' title='bbox 1701 1755 1722 1798; x_wconf 84' lang='lat' dir='ltr'><strong>a</strong></span> 
     </span>
    </p>
   </div>
   <div class='ocr_carea' id='block_1_5' title="bbox 619 1837 1723 4568">
    <p class='ocr_par' dir='ltr' id='par_1_5' title="bbox 619 1837 1721 2227">
     <span class='ocr_line' id='line_1_14' title="bbox 620 1837 1721 1923; baseline -0.002 -21"><span class='ocrx_word' id='word_1_115' title='bbox 620 1837 784 1922; x_wconf 86' lang='lat' dir='ltr'><strong>Stephano</strong></span> <span class='ocrx_word' id='word_1_116' title='bbox 806 1845 840 1902; x_wconf 88' lang='lat' dir='ltr'><strong>et</strong></span> <span class='ocrx_word' id='word_1_117' title='bbox 854 1837 1001 1903; x_wconf 88' lang='lat' dir='ltr'><strong>Strothio</strong></span> <span class='ocrx_word' id='word_1_118' title='bbox 1023 1845 1057 1903; x_wconf 85' lang='lat' dir='ltr'><strong>et</strong></span> <span class='ocrx_word' id='word_1_119' title='bbox 1079 1839 1186 1903; x_wconf 86' lang='lat' dir='ltr'><strong>codice</strong></span> <span class='ocrx_word' id='word_1_120' title='bbox 1209 1838 1304 1923; x_wconf 74' lang='lat' dir='ltr'><strong>Regio</strong></span> <span class='ocrx_word' id='word_1_121' title='bbox 1318 1839 1469 1902; x_wconf 84' lang='lat' dir='ltr'><strong>omissum</strong></span> <span class='ocrx_word' id='word_1_122' title='bbox 1484 1860 1554 1902; x_wconf 85' lang='lat' dir='ltr'><strong>esse</strong></span> <span class='ocrx_word' id='word_1_123' title='bbox 1575 1837 1721 1901; x_wconf 87' lang='lat' dir='ltr'><strong>viridem</strong></span> 
     </span>
     <span class='ocr_line' id='line_1_15' title="bbox 620 1938 1721 2026; baseline 0.001 -23"><span class='ocrx_word' id='word_1_124' title='bbox 620 1947 738 2003; x_wconf 90' lang='lat' dir='ltr'><strong>mouet.</strong></span> <span class='ocrx_word' id='word_1_125' title='bbox 782 1939 898 2004; x_wconf 75' lang='lat' dir='ltr'><strong>Censet</strong></span> <span class='ocrx_word' id='word_1_126' title='bbox 923 1938 1099 2017; x_wconf 70' lang='lat' dir='ltr'><strong>Fabricius,</strong></span> <span class='ocrx_word' id='word_1_127' title='bbox 1122 1940 1176 2004; x_wconf 94' lang='lat' dir='ltr'><strong>ubi</strong></span> <span class='ocrx_word' id='word_1_128' title='bbox 1198 1962 1306 2026; x_wconf 86' lang='lat' dir='ltr'><strong>supra,</strong></span> <span class='ocrx_word' id='word_1_129' title='bbox 1324 1940 1402 2004; x_wconf 90' lang='lat' dir='ltr'><strong>illud</strong></span> <span class='ocrx_word' id='word_1_130' title='bbox 1423 1944 1476 2003; x_wconf 88' lang='grc' dir='ltr'><strong>τοῦ</strong></span> <span class='ocrx_word' id='word_1_131' title='bbox 1498 1940 1721 2021; x_wconf 61' lang='lat' dir='ltr'><strong>naupactum</strong></span> 
     </span>
     <span class='ocr_line' id='line_1_16' title="bbox 619 2041 1718 2127; baseline -0.001 -21"><span class='ocrx_word' id='word_1_132' title='bbox 619 2064 660 2106; x_wconf 85' lang='lat' dir='ltr'><strong>ex</strong></span> <span class='ocrx_word' id='word_1_133' title='bbox 678 2042 839 2126; x_wconf 80' lang='lat' dir='ltr'><strong>superiore</strong></span> <span class='ocrx_word' id='word_1_134' title='bbox 862 2064 955 2105; x_wconf 84' lang='lat' dir='ltr'><strong>versu</strong></span> <span class='ocrx_word' id='word_1_135' title='bbox 977 2041 1150 2127; x_wconf 89' lang='lat' dir='ltr'><strong>repetitum</strong></span> <span class='ocrx_word' id='word_1_136' title='bbox 1174 2041 1279 2107; x_wconf 81' lang='lat' dir='ltr'><strong>tuisse.</strong></span> <span class='ocrx_word' id='word_1_137' title='bbox 1325 2042 1375 2106; x_wconf 93' lang='lat' dir='ltr'><strong>De</strong></span> <span class='ocrx_word' id='word_1_138' title='bbox 1397 2042 1505 2126; x_wconf 81' lang='lat' dir='ltr'><strong>Glyoae</strong></span> <span class='ocrx_word' id='word_1_139' title='bbox 1525 2047 1637 2105; x_wconf 91' lang='lat' dir='ltr'><strong>autem</strong></span> <span class='ocrx_word' id='word_1_140' title='bbox 1658 2041 1718 2105; x_wconf 90' lang='lat' dir='ltr'><strong>lec·</strong></span> 
     </span>
     <span class='ocr_line' id='line_1_17' title="bbox 620 2142 1504 2227; baseline -0.003 -20"><span class='ocrx_word' id='word_1_141' title='bbox 620 2142 717 2217; x_wconf 90' lang='lat' dir='ltr'><strong>tione,</strong></span> <span class='ocrx_word' id='word_1_142' title='bbox 735 2142 789 2227; x_wconf 90' lang='lat' dir='ltr'><strong>qui</strong></span> <span class='ocrx_word' id='word_1_143' title='bbox 803 2142 864 2206; x_wconf 91' lang='lat' dir='ltr'><strong>hoe</strong></span> <span class='ocrx_word' id='word_1_144' title='bbox 878 2143 948 2206; x_wconf 95' lang='lat' dir='ltr'><strong>loco</strong></span> <span class='ocrx_word' id='word_1_145' title='bbox 962 2142 1061 2208; x_wconf 89' lang='lat' dir='ltr'><strong>babet</strong></span> <span class='ocrx_word' id='word_1_146' title='bbox 1075 2145 1120 2211; x_wconf 80' lang='grc' dir='ltr'><strong>τίς</strong></span> <span class='ocrx_word' id='word_1_147' title='bbox 1132 2145 1151 2222; x_wconf 85' lang='grc' dir='ltr'><em>ἡ</em></span> <span class='ocrx_word' id='word_1_148' title='bbox 1165 2146 1240 2224; x_wconf 82' lang='grc' dir='ltr'>θῦρο</span> <span class='ocrx_word' id='word_1_149' title='bbox 1252 2148 1305 2207; x_wconf 87' lang='grc' dir='ltr'><strong>τοῦ</strong></span> <span class='ocrx_word' id='word_1_150' title='bbox 1321 2146 1412 2220; x_wconf 89' lang='grc' dir='ltr'>Θεοῦ,</span> <span class='ocrx_word' id='word_1_151' title='bbox 1429 2142 1504 2205; x_wconf 84' lang='lat' dir='ltr'><strong>dixi.</strong></span> 
     </span>
    </p>

    <p class='ocr_par' dir='ltr' id='par_1_6' title="bbox 619 2242 1723 2838">
     <span class='ocr_line' id='line_1_18' title="bbox 665 2242 1722 2328; baseline 0.001 -22"><span class='ocrx_word' id='word_1_152' title='bbox 665 2245 783 2307; x_wconf 85' lang='lat' dir='ltr'><strong>P.210.</strong></span> <span class='ocrx_word' id='word_1_153' title='bbox 798 2244 819 2306; x_wconf 90' lang='lat' dir='ltr'><strong>l.</strong></span> <span class='ocrx_word' id='word_1_154' title='bbox 835 2247 884 2307; x_wconf 89' lang='lat'><strong>16.</strong></span> <span class='ocrx_word' id='word_1_155' title='bbox 900 2246 968 2325; x_wconf 75' lang='grc' dir='ltr'>περὶ</span> <span class='ocrx_word' id='word_1_156' title='bbox 977 2242 1080 2323; x_wconf 90' lang='grc' dir='ltr'>Ἰησοῦ</span> <span class='ocrx_word' id='word_1_157' title='bbox 1094 2249 1146 2308; x_wconf 87' lang='grc' dir='ltr'><strong>τοῦ</strong></span> <span class='ocrx_word' id='word_1_158' title='bbox 1160 2247 1225 2309; x_wconf 80' lang='grc' dir='ltr'>υἱοῦ</span> <span class='ocrx_word' id='word_1_159' title='bbox 1236 2248 1289 2309; x_wconf 83' lang='grc' dir='ltr'><strong>τοῦ</strong></span> <span class='ocrx_word' id='word_1_160' title='bbox 1303 2243 1472 2328; x_wconf 76' lang='grc' dir='ltr'>ἀνθρώπου]</span> <span class='ocrx_word' id='word_1_161' title='bbox 1483 2243 1585 2307; x_wconf 84' lang='lat' dir='ltr'><strong>Deest</strong></span> <span class='ocrx_word' id='word_1_162' title='bbox 1593 2248 1647 2307; x_wconf 84' lang='grc' dir='ltr'><strong>τοῦ</strong></span> <span class='ocrx_word' id='word_1_163' title='bbox 1659 2246 1722 2308; x_wconf 80' lang='lat' dir='ltr'><strong>olori</strong></span> 
     </span>
     <span class='ocr_line' id='line_1_19' title="bbox 620 2342 1722 2431; baseline 0.001 -24"><span class='ocrx_word' id='word_1_164' title='bbox 620 2343 653 2407; x_wconf 92' lang='lat' dir='ltr'><strong>in</strong></span> <span class='ocrx_word' id='word_1_165' title='bbox 668 2345 741 2408; x_wconf 85' lang='lat' dir='ltr'><strong>MS.</strong></span> <span class='ocrx_word' id='word_1_166' title='bbox 753 2345 893 2428; x_wconf 77' lang='lat' dir='ltr'><strong>Norfolc.</strong></span> <span class='ocrx_word' id='word_1_167' title='bbox 909 2346 1094 2430; x_wconf 70' lang='lat' dir='ltr'><strong>Georyioquc</strong></span> <span class='ocrx_word' id='word_1_168' title='bbox 1108 2344 1253 2429; x_wconf 74' lang='lat' dir='ltr'><strong>Syucello.</strong></span> <span class='ocrx_word' id='word_1_169' title='bbox 1289 2342 1425 2431; x_wconf 80' lang='lat' dir='ltr'><strong>Rufiuus</strong></span> <span class='ocrx_word' id='word_1_170' title='bbox 1438 2351 1548 2407; x_wconf 81' lang='lat' dir='ltr'><strong>autem</strong></span> <span class='ocrx_word' id='word_1_171' title='bbox 1562 2366 1627 2407; x_wconf 91' lang='lat' dir='ltr'><strong>non</strong></span> <span class='ocrx_word' id='word_1_172' title='bbox 1642 2344 1722 2408; x_wconf 88' lang='lat' dir='ltr'><strong>vide·</strong></span> 
     </span>
     <span class='ocr_line' id='line_1_20' title="bbox 621 2444 1723 2532; baseline -0.001 -20"><span class='ocrx_word' id='word_1_173' title='bbox 621 2456 675 2512; x_wconf 87' lang='lat' dir='ltr'><strong>tur</strong></span> <span class='ocrx_word' id='word_1_174' title='bbox 700 2447 812 2531; x_wconf 78' lang='lat' dir='ltr'><strong>legisse</strong></span> <span class='ocrx_word' id='word_1_175' title='bbox 836 2446 948 2526; x_wconf 84' lang='grc' dir='ltr'>Ἰησοῦ,</span> <span class='ocrx_word' id='word_1_176' title='bbox 974 2447 1028 2532; x_wconf 91' lang='lat' dir='ltr'><strong>qui</strong></span> <span class='ocrx_word' id='word_1_177' title='bbox 1054 2447 1160 2523; x_wconf 84' lang='lat' dir='ltr'><strong>vertit,</strong></span> <span class='ocrx_word' id='word_1_178' title='bbox 1189 2446 1273 2526; x_wconf 75' lang='lat' dir='ltr'><strong>Quid</strong></span> <span class='ocrx_word' id='word_1_179' title='bbox 1295 2467 1341 2510; x_wconf 82' lang='lat' dir='ltr'><strong>mc</strong></span> <span class='ocrx_word' id='word_1_180' title='bbox 1360 2444 1552 2528; x_wconf 69' lang='lat' dir='ltr'><strong>tauroque</strong></span> <span class='ocrx_word' id='word_1_181' title='bbox 1576 2444 1615 2508; x_wconf 81' lang='lat' dir='ltr'><strong>de</strong></span> <span class='ocrx_word' id='word_1_182' title='bbox 1641 2445 1723 2511; x_wconf 64' lang='lat' dir='ltr'><strong>attio</strong></span> 
     </span>
     <span class='ocr_line' id='line_1_21' title="bbox 619 2548 1722 2636; baseline -0.001 -23"><span class='ocrx_word' id='word_1_183' title='bbox 619 2549 775 2613; x_wconf 74' lang='lat' dir='ltr'><strong>uomina?</strong></span> <span class='ocrx_word' id='word_1_184' title='bbox 801 2571 903 2634; x_wconf 90' lang='lat' dir='ltr'><strong>neque</strong></span> <span class='ocrx_word' id='word_1_185' title='bbox 918 2549 1063 2636; x_wconf 88' lang='lat' dir='ltr'><strong>agnoscit</strong></span> <span class='ocrx_word' id='word_1_186' title='bbox 1082 2570 1191 2614; x_wconf 89' lang='lat' dir='ltr'><strong>vocem</strong></span> <span class='ocrx_word' id='word_1_187' title='bbox 1210 2548 1375 2635; x_wconf 61' lang='grc' dir='ltr'>Ηοροοιρρὶ</span> <span class='ocrx_word' id='word_1_188' title='bbox 1391 2549 1588 2633; x_wconf 64' lang='lat' dir='ltr'><strong>Exceptum,</strong></span> <span class='ocrx_word' id='word_1_189' title='bbox 1606 2548 1640 2612; x_wconf 91' lang='lat' dir='ltr'><strong>in</strong></span> <span class='ocrx_word' id='word_1_190' title='bbox 1662 2570 1722 2634; x_wconf 94' lang='lat' dir='ltr'><strong>quo</strong></span> 
     </span>
     <span class='ocr_line' id='line_1_22' title="bbox 622 2650 1723 2736; baseline 0 -21"><span class='ocrx_word' id='word_1_191' title='bbox 622 2655 748 2732; x_wconf 77' lang='grc' dir='ltr'>ἐρωτᾶτε</span> <span class='ocrx_word' id='word_1_192' title='bbox 769 2673 828 2734; x_wconf 91' lang='lat' dir='ltr'><strong>pro</strong></span> <span class='ocrx_word' id='word_1_193' title='bbox 851 2654 1024 2733; x_wconf 78' lang='grc' dir='ltr'>ἑπερωτᾶτε,</span> <span class='ocrx_word' id='word_1_194' title='bbox 1048 2652 1130 2715; x_wconf 87' lang='lat' dir='ltr'><strong>sicut</strong></span> <span class='ocrx_word' id='word_1_195' title='bbox 1153 2652 1185 2714; x_wconf 93' lang='lat' dir='ltr'><strong>iu</strong></span> <span class='ocrx_word' id='word_1_196' title='bbox 1207 2653 1301 2716; x_wconf 80' lang='lat' dir='ltr'><strong>Mb&#39;to</strong></span> <span class='ocrx_word' id='word_1_197' title='bbox 1323 2650 1460 2735; x_wconf 77' lang='lat' dir='ltr'><strong>Ncrfolc</strong></span> <span class='ocrx_word' id='word_1_198' title='bbox 1484 2658 1518 2714; x_wconf 92' lang='lat' dir='ltr'><strong>et</strong></span> <span class='ocrx_word' id='word_1_199' title='bbox 1540 2652 1629 2734; x_wconf 91' lang='lat' dir='ltr'><strong>apud</strong></span> <span class='ocrx_word' id='word_1_200' title='bbox 1649 2653 1723 2736; x_wconf 75' lang='lat' dir='ltr'><strong>Sya-</strong></span> 
     </span>
     <span class='ocr_line' id='line_1_23' title="bbox 621 2754 1205 2838; baseline -0.002 -21"><span class='ocrx_word' id='word_1_201' title='bbox 621 2755 735 2830; x_wconf 78' lang='lat' dir='ltr'><strong>cellum,</strong></span> <span class='ocrx_word' id='word_1_202' title='bbox 753 2754 856 2816; x_wconf 88' lang='lat' dir='ltr'><strong>minus</strong></span> <span class='ocrx_word' id='word_1_203' title='bbox 871 2763 947 2838; x_wconf 89' lang='lat' dir='ltr'><strong>apte</strong></span> <span class='ocrx_word' id='word_1_204' title='bbox 963 2763 1130 2817; x_wconf 85' lang='lat' dir='ltr'><strong>exaratum</strong></span> <span class='ocrx_word' id='word_1_205' title='bbox 1146 2763 1205 2817; x_wconf 90' lang='lat' dir='ltr'><strong>est.</strong></span> 
     </span>
    </p>

    <p class='ocr_par' dir='ltr' id='par_1_7' title="bbox 621 2854 1723 4568">
     <span class='ocr_line' id='line_1_24' title="bbox 665 2854 1723 2941; baseline -0.001 -23"><span class='ocrx_word' id='word_1_206' title='bbox 665 2857 702 2918; x_wconf 89' lang='lat' dir='ltr'><strong>P.</strong></span> <span class='ocrx_word' id='word_1_207' title='bbox 715 2876 749 2921; x_wconf 80' lang='lat'><strong>21</strong></span> <span class='ocrx_word' id='word_1_208' title='bbox 763 2877 787 2918; x_wconf 86' lang='lat'><strong>1.</strong></span> <span class='ocrx_word' id='word_1_209' title='bbox 804 2856 824 2919; x_wconf 93' lang='lat' dir='ltr'><strong>l.</strong></span> <span class='ocrx_word' id='word_1_210' title='bbox 836 2877 866 2938; x_wconf 83' lang='lat'><strong>3.</strong></span> <span class='ocrx_word' id='word_1_211' title='bbox 888 2858 927 2922; x_wconf 82' lang='grc' dir='ltr'><strong>ὡς</strong></span> <span class='ocrx_word' id='word_1_212' title='bbox 947 2859 1023 2919; x_wconf 67' lang='lat' dir='ltr'><strong>duva</strong></span> <span class='ocrx_word' id='word_1_213' title='bbox 1042 2858 1082 2941; x_wconf 74' lang='grc' dir='ltr'><strong>τῷ</strong></span> <span class='ocrx_word' id='word_1_214' title='bbox 1103 2857 1156 2939; x_wconf 74' lang='grc' dir='ltr'><strong>υἱῷ</strong></span> <span class='ocrx_word' id='word_1_215' title='bbox 1178 2854 1293 2937; x_wconf 70' lang='lat' dir='ltr'><strong>naulo]</strong></span> <span class='ocrx_word' id='word_1_216' title='bbox 1316 2854 1454 2938; x_wconf 75' lang='lat' dir='ltr'><strong>Scaliger</strong></span> <span class='ocrx_word' id='word_1_217' title='bbox 1474 2855 1506 2917; x_wconf 89' lang='lat' dir='ltr'><strong>in</strong></span> <span class='ocrx_word' id='word_1_218' title='bbox 1527 2856 1723 2919; x_wconf 79' lang='lat' dir='ltr'><strong>aninmdver·</strong></span> 
     </span>
     <span class='ocr_line' id='line_1_25' title="bbox 621 2956 1719 3020; baseline -0.001 -1"><span class='ocrx_word' id='word_1_219' title='bbox 621 2958 762 3019; x_wconf 86' lang='lat' dir='ltr'><strong>sionibus</strong></span> <span class='ocrx_word' id='word_1_220' title='bbox 789 2958 977 3020; x_wconf 86' lang='lat' dir='ltr'><strong>Eusebianis</strong></span> <span class='ocrx_word' id='word_1_221' title='bbox 1003 2958 1070 3020; x_wconf 84' lang='lat' dir='ltr'><strong>haec</strong></span> <span class='ocrx_word' id='word_1_222' title='bbox 1094 2957 1134 3018; x_wconf 91' lang='lat' dir='ltr'><strong>de</strong></span> <span class='ocrx_word' id='word_1_223' title='bbox 1156 2956 1282 3019; x_wconf 89' lang='lat' dir='ltr'><strong>Jacobo</strong></span> <span class='ocrx_word' id='word_1_224' title='bbox 1305 2956 1392 3020; x_wconf 88' lang='lat' dir='ltr'><strong>dicta</strong></span> <span class='ocrx_word' id='word_1_225' title='bbox 1414 2978 1483 3019; x_wconf 88' lang='lat' dir='ltr'><strong>esse</strong></span> <span class='ocrx_word' id='word_1_226' title='bbox 1505 2956 1719 3020; x_wconf 83' lang='lat' dir='ltr'><strong>existimavit:</strong></span> 
     </span>
     <span class='ocr_line' id='line_1_26' title="bbox 622 3058 1722 3143; baseline 0 -23"><span class='ocrx_word' id='word_1_227' title='bbox 622 3060 670 3121; x_wconf 90' lang='lat' dir='ltr'><strong>cui</strong></span> <span class='ocrx_word' id='word_1_228' title='bbox 697 3059 729 3121; x_wconf 93' lang='lat' dir='ltr'><strong>in</strong></span> <span class='ocrx_word' id='word_1_229' title='bbox 756 3082 793 3121; x_wconf 89' lang='lat' dir='ltr'><strong>eo</strong></span> <span class='ocrx_word' id='word_1_230' title='bbox 821 3060 947 3141; x_wconf 87' lang='lat' dir='ltr'><strong>quidem</strong></span> <span class='ocrx_word' id='word_1_231' title='bbox 974 3059 1065 3122; x_wconf 83' lang='lat' dir='ltr'><strong>facile</strong></span> <span class='ocrx_word' id='word_1_232' title='bbox 1090 3059 1257 3121; x_wconf 85' lang='lat' dir='ltr'><strong>assentior.</strong></span> <span class='ocrx_word' id='word_1_233' title='bbox 1314 3058 1377 3120; x_wconf 89' lang='lat' dir='ltr'><strong>Sed</strong></span> <span class='ocrx_word' id='word_1_234' title='bbox 1403 3059 1488 3142; x_wconf 89' lang='lat' dir='ltr'><strong>quod</strong></span> <span class='ocrx_word' id='word_1_235' title='bbox 1515 3067 1615 3143; x_wconf 84' lang='lat' dir='ltr'><strong>negat</strong></span> <span class='ocrx_word' id='word_1_236' title='bbox 1642 3060 1722 3122; x_wconf 88' lang='lat' dir='ltr'><strong>idem</strong></span> 
     </span>
     <span class='ocr_line' id='line_1_27' title="bbox 622 3160 1722 3245; baseline -0.003 -21"><span class='ocrx_word' id='word_1_237' title='bbox 622 3161 762 3244; x_wconf 77' lang='lat' dir='ltr'><strong>Scaliger</strong></span> <span class='ocrx_word' id='word_1_238' title='bbox 777 3161 799 3222; x_wconf 84' lang='lat' dir='ltr'><strong>J</strong></span> <span class='ocrx_word' id='word_1_239' title='bbox 802 3162 936 3224; x_wconf 90' lang='lat' dir='ltr'><strong>acobum</strong></span> <span class='ocrx_word' id='word_1_240' title='bbox 954 3162 1053 3223; x_wconf 88' lang='lat' dir='ltr'><strong>filium</strong></span> <span class='ocrx_word' id='word_1_241' title='bbox 1075 3161 1181 3223; x_wconf 87' lang='lat' dir='ltr'><strong>David</strong></span> <span class='ocrx_word' id='word_1_242' title='bbox 1203 3161 1263 3223; x_wconf 94' lang='lat' dir='ltr'><strong>dici</strong></span> <span class='ocrx_word' id='word_1_243' title='bbox 1283 3161 1434 3244; x_wconf 84' lang='lat' dir='ltr'><strong>potuisse,</strong></span> <span class='ocrx_word' id='word_1_244' title='bbox 1451 3160 1484 3221; x_wconf 90' lang='lat' dir='ltr'><strong>in</strong></span> <span class='ocrx_word' id='word_1_245' title='bbox 1503 3160 1564 3223; x_wconf 92' lang='lat' dir='ltr'><strong>hoc</strong></span> <span class='ocrx_word' id='word_1_246' title='bbox 1583 3162 1722 3245; x_wconf 79' lang='lat' dir='ltr'><strong>graviter</strong></span> 
     </span>
     <span class='ocr_line' id='line_1_28' title="bbox 621 3262 1722 3347; baseline 0.002 -23"><span class='ocrx_word' id='word_1_247' title='bbox 621 3262 841 3326; x_wconf 76' lang='lat' dir='ltr'><strong>hallucinatur.</strong></span> <span class='ocrx_word' id='word_1_248' title='bbox 888 3263 965 3326; x_wconf 89' lang='lat' dir='ltr'><strong>Fuit</strong></span> <span class='ocrx_word' id='word_1_249' title='bbox 988 3264 1071 3326; x_wconf 89' lang='lat' dir='ltr'><strong>euim</strong></span> <span class='ocrx_word' id='word_1_250' title='bbox 1094 3263 1238 3326; x_wconf 88' lang='lat' dir='ltr'><strong>Jacobus</strong></span> <span class='ocrx_word' id='word_1_251' title='bbox 1260 3263 1342 3325; x_wconf 90' lang='lat' dir='ltr'><strong>filius</strong></span> <span class='ocrx_word' id='word_1_252' title='bbox 1365 3262 1509 3347; x_wconf 79' lang='lat' dir='ltr'><strong>losephi‚</strong></span> <span class='ocrx_word' id='word_1_253' title='bbox 1531 3285 1570 3325; x_wconf 88' lang='lat' dir='ltr'><strong>ac</strong></span> <span class='ocrx_word' id='word_1_254' title='bbox 1594 3263 1722 3347; x_wconf 89' lang='lat' dir='ltr'><strong>proinde</strong></span> 
     </span>
     <span class='ocr_line' id='line_1_29' title="bbox 621 3365 1723 3448; baseline 0.002 -23"><span class='ocrx_word' id='word_1_255' title='bbox 621 3365 773 3427; x_wconf 87' lang='lat' dir='ltr'><strong>oriundus</strong></span> <span class='ocrx_word' id='word_1_256' title='bbox 797 3387 837 3427; x_wconf 85' lang='lat' dir='ltr'><strong>ex</strong></span> <span class='ocrx_word' id='word_1_257' title='bbox 861 3366 960 3448; x_wconf 87' lang='lat' dir='ltr'><strong>stirpe</strong></span> <span class='ocrx_word' id='word_1_258' title='bbox 985 3366 1102 3429; x_wconf 91' lang='lat' dir='ltr'><strong>David.</strong></span> <span class='ocrx_word' id='word_1_259' title='bbox 1147 3367 1250 3427; x_wconf 92' lang='lat' dir='ltr'><strong>Porro</strong></span> <span class='ocrx_word' id='word_1_260' title='bbox 1275 3365 1470 3428; x_wconf 90' lang='lat' dir='ltr'><strong>verissimum</strong></span> <span class='ocrx_word' id='word_1_261' title='bbox 1493 3374 1543 3427; x_wconf 89' lang='lat' dir='ltr'><strong>est</strong></span> <span class='ocrx_word' id='word_1_262' title='bbox 1569 3366 1656 3448; x_wconf 93' lang='lat' dir='ltr'><strong>quod</strong></span> <span class='ocrx_word' id='word_1_263' title='bbox 1679 3365 1723 3428; x_wconf 89' lang='lat' dir='ltr'><strong>ait</strong></span> 
     </span>
     <span class='ocr_line' id='line_1_30' title="bbox 622 3466 1723 3552; baseline 0.001 -24"><span class='ocrx_word' id='word_1_264' title='bbox 622 3466 771 3549; x_wconf 74' lang='lat' dir='ltr'><strong>Scaliger,</strong></span> <span class='ocrx_word' id='word_1_265' title='bbox 793 3467 920 3549; x_wconf 85' lang='lat' dir='ltr'><strong>eosqui</strong></span> <span class='ocrx_word' id='word_1_266' title='bbox 942 3467 1072 3529; x_wconf 89' lang='lat' dir='ltr'><strong>Osanna</strong></span> <span class='ocrx_word' id='word_1_267' title='bbox 1094 3467 1326 3542; x_wconf 90' lang='lat' dir='ltr'><strong>acclamabant,</strong></span> <span class='ocrx_word' id='word_1_268' title='bbox 1348 3467 1470 3549; x_wconf 87' lang='lat' dir='ltr'><strong>palmas</strong></span> <span class='ocrx_word' id='word_1_269' title='bbox 1489 3466 1638 3529; x_wconf 86' lang='lat' dir='ltr'><strong>manibus</strong></span> <span class='ocrx_word' id='word_1_270' title='bbox 1658 3489 1723 3552; x_wconf 79' lang='lat' dir='ltr'><strong>ges</strong></span> 
     </span>
     <span class='ocr_line' id='line_1_31' title="bbox 621 3568 1722 3653; baseline 0.001 -23"><span class='ocrx_word' id='word_1_271' title='bbox 621 3576 692 3631; x_wconf 87' lang='lat' dir='ltr'><strong>tare</strong></span> <span class='ocrx_word' id='word_1_272' title='bbox 707 3568 862 3631; x_wconf 86' lang='lat' dir='ltr'><strong>debuisse.</strong></span> <span class='ocrx_word' id='word_1_273' title='bbox 908 3568 1008 3651; x_wconf 90' lang='lat' dir='ltr'><strong>Cujus</strong></span> <span class='ocrx_word' id='word_1_274' title='bbox 1028 3569 1072 3631; x_wconf 90' lang='lat' dir='ltr'><strong>rei</strong></span> <span class='ocrx_word' id='word_1_275' title='bbox 1095 3569 1217 3632; x_wconf 85' lang='lat' dir='ltr'><strong>illustre</strong></span> <span class='ocrx_word' id='word_1_276' title='bbox 1238 3569 1415 3653; x_wconf 86' lang='lat' dir='ltr'><strong>exemplum</strong></span> <span class='ocrx_word' id='word_1_277' title='bbox 1439 3575 1489 3632; x_wconf 87' lang='lat' dir='ltr'><strong>est</strong></span> <span class='ocrx_word' id='word_1_278' title='bbox 1509 3569 1541 3631; x_wconf 92' lang='lat' dir='ltr'><strong>in</strong></span> <span class='ocrx_word' id='word_1_279' title='bbox 1561 3569 1722 3633; x_wconf 89' lang='lat' dir='ltr'><strong>itinerario</strong></span> 
     </span>
     <span class='ocr_line' id='line_1_32' title="bbox 623 3669 1722 3754; baseline 0.002 -23"><span class='ocrx_word' id='word_1_280' title='bbox 623 3669 913 3752; x_wconf 84' lang='lat' dir='ltr'><strong>Hierosolymitauo</strong></span> <span class='ocrx_word' id='word_1_281' title='bbox 929 3670 1085 3733; x_wconf 80' lang='lat' dir='ltr'><strong>Antonini</strong></span> <span class='ocrx_word' id='word_1_282' title='bbox 1106 3670 1251 3732; x_wconf 89' lang='lat' dir='ltr'><strong>monachi</strong></span> <span class='ocrx_word' id='word_1_283' title='bbox 1274 3692 1303 3753; x_wconf 91' lang='lat' dir='ltr'><strong>p.</strong></span> <span class='ocrx_word' id='word_1_284' title='bbox 1319 3689 1372 3754; x_wconf 83' lang='lat'><strong>30.</strong></span> <span class='ocrx_word' id='word_1_285' title='bbox 1419 3671 1471 3731; x_wconf 85' lang='lat' dir='ltr'><strong>Ex</strong></span> <span class='ocrx_word' id='word_1_286' title='bbox 1487 3691 1550 3753; x_wconf 91' lang='lat' dir='ltr'><strong>quo</strong></span> <span class='ocrx_word' id='word_1_287' title='bbox 1566 3671 1722 3745; x_wconf 83' lang='lat' dir='ltr'><strong>discimus,</strong></span> 
     </span>
     <span class='ocr_line' id='line_1_33' title="bbox 621 3771 1723 3856; baseline 0.001 -24"><span class='ocrx_word' id='word_1_288' title='bbox 621 3793 741 3833; x_wconf 88' lang='lat' dir='ltr'><strong>morem</strong></span> <span class='ocrx_word' id='word_1_289' title='bbox 757 3772 830 3833; x_wconf 88' lang='lat' dir='ltr'><strong>olim</strong></span> <span class='ocrx_word' id='word_1_290' title='bbox 846 3772 941 3834; x_wconf 84' lang='lat' dir='ltr'><strong>fuisse</strong></span> <span class='ocrx_word' id='word_1_291' title='bbox 957 3771 1225 3848; x_wconf 84' lang='lat' dir='ltr'><strong>Christianorum,</strong></span> <span class='ocrx_word' id='word_1_292' title='bbox 1240 3780 1277 3835; x_wconf 90' lang='lat' dir='ltr'><strong>ut</strong></span> <span class='ocrx_word' id='word_1_293' title='bbox 1293 3772 1461 3856; x_wconf 82' lang='lat' dir='ltr'><strong>Episcopis</strong></span> <span class='ocrx_word' id='word_1_294' title='bbox 1476 3793 1514 3834; x_wconf 89' lang='lat' dir='ltr'><strong>ac</strong></span> <span class='ocrx_word' id='word_1_295' title='bbox 1530 3772 1723 3856; x_wconf 87' lang='lat' dir='ltr'><strong>presbyteris</strong></span> 
     </span>
     <span class='ocr_line' id='line_1_34' title="bbox 621 3873 1723 3957; baseline 0.002 -23"><span class='ocrx_word' id='word_1_296' title='bbox 621 3873 861 3935; x_wconf 88' lang='lat' dir='ltr'><strong>advenientibus</strong></span> <span class='ocrx_word' id='word_1_297' title='bbox 881 3874 1005 3936; x_wconf 90' lang='lat' dir='ltr'><strong>obviam</strong></span> <span class='ocrx_word' id='word_1_298' title='bbox 1025 3875 1231 3957; x_wconf 88' lang='lat' dir='ltr'><strong>procedentes</strong></span> <span class='ocrx_word' id='word_1_299' title='bbox 1247 3874 1375 3936; x_wconf 90' lang='lat' dir='ltr'><strong>honoris</strong></span> <span class='ocrx_word' id='word_1_300' title='bbox 1390 3895 1496 3950; x_wconf 89' lang='lat' dir='ltr'><strong>causa,</strong></span> <span class='ocrx_word' id='word_1_301' title='bbox 1511 3873 1723 3937; x_wconf 82' lang='lat' dir='ltr'><strong>acclamarent</strong></span> 
     </span>
     <span class='ocr_line' id='line_1_35' title="bbox 621 3973 1722 4058; baseline -0.001 -21"><span class='ocrx_word' id='word_1_302' title='bbox 621 3976 760 4037; x_wconf 88' lang='lat' dir='ltr'><strong>Osanna.</strong></span> <span class='ocrx_word' id='word_1_303' title='bbox 808 3976 832 4035; x_wconf 89' lang='grc' dir='ltr'><em>Ι</em></span> <span class='ocrx_word' id='word_1_304' title='bbox 832 3973 862 4036; x_wconf 81' lang='lat' dir='ltr'><strong>li</strong></span> <span class='ocrx_word' id='word_1_305' title='bbox 882 3986 1023 4037; x_wconf 76' lang='lat' dir='ltr'><strong>uewruutt</strong></span> <span class='ocrx_word' id='word_1_306' title='bbox 1042 3977 1181 4039; x_wconf 82' lang='lat' dir='ltr'><strong>mulieres</strong></span> <span class='ocrx_word' id='word_1_307' title='bbox 1196 3977 1230 4039; x_wconf 80' lang='lat' dir='ltr'><strong>iu</strong></span> <span class='ocrx_word' id='word_1_308' title='bbox 1244 3998 1396 4039; x_wconf 85' lang='lat' dir='ltr'><strong>occursum</strong></span> <span class='ocrx_word' id='word_1_309' title='bbox 1416 3974 1499 4039; x_wconf 77' lang='lat' dir='ltr'><strong>uelis</strong></span> <span class='ocrx_word' id='word_1_310' title='bbox 1514 3997 1581 4038; x_wconf 81' lang='grc' dir='ltr'>οιιιιι</span> <span class='ocrx_word' id='word_1_311' title='bbox 1597 3976 1722 4058; x_wconf 79' lang='lat' dir='ltr'><strong>infauti-</strong></span> 
     </span>
     <span class='ocr_line' id='line_1_36' title="bbox 622 4075 1721 4161; baseline 0 -24"><span class='ocrx_word' id='word_1_312' title='bbox 622 4075 682 4150; x_wconf 83' lang='lat' dir='ltr'><strong>lus,</strong></span> <span class='ocrx_word' id='word_1_313' title='bbox 693 4076 819 4160; x_wconf 78' lang='lat' dir='ltr'><strong>patruos</strong></span> <span class='ocrx_word' id='word_1_314' title='bbox 835 4077 869 4137; x_wconf 81' lang='lat' dir='ltr'><strong>iu</strong></span> <span class='ocrx_word' id='word_1_315' title='bbox 888 4075 1026 4139; x_wconf 76' lang='lat' dir='ltr'><strong>cucullus</strong></span> <span class='ocrx_word' id='word_1_316' title='bbox 1046 4087 1184 4152; x_wconf 75' lang='lat' dir='ltr'><strong>teneatue,</strong></span> <span class='ocrx_word' id='word_1_317' title='bbox 1199 4087 1227 4140; x_wconf 86' lang='lat' dir='ltr'><strong>et</strong></span> <span class='ocrx_word' id='word_1_318' title='bbox 1246 4078 1399 4161; x_wconf 80' lang='lat' dir='ltr'><strong>ampullas</strong></span> <span class='ocrx_word' id='word_1_319' title='bbox 1419 4098 1486 4140; x_wconf 79' lang='lat' dir='ltr'><strong>curu</strong></span> <span class='ocrx_word' id='word_1_320' title='bbox 1505 4099 1627 4141; x_wconf 75' lang='lat' dir='ltr'><strong>rosaceo</strong></span> <span class='ocrx_word' id='word_1_321' title='bbox 1646 4078 1721 4159; x_wconf 76' lang='lat' dir='ltr'><strong>oleo.-</strong></span> 
     </span>
     <span class='ocr_line' id='line_1_37' title="bbox 621 4177 1723 4263; baseline 0.001 -24"><span class='ocrx_word' id='word_1_322' title='bbox 621 4188 647 4239; x_wconf 77' lang='lat' dir='ltr'><strong>et</strong></span> <span class='ocrx_word' id='word_1_323' title='bbox 666 4187 831 4261; x_wconf 74' lang='lat' dir='ltr'><strong>prostrata</strong></span> <span class='ocrx_word' id='word_1_324' title='bbox 853 4177 980 4260; x_wconf 80' lang='lat' dir='ltr'><strong>pedibus</strong></span> <span class='ocrx_word' id='word_1_325' title='bbox 1004 4181 1122 4250; x_wconf 82' lang='lat' dir='ltr'><strong>uestris,</strong></span> <span class='ocrx_word' id='word_1_326' title='bbox 1143 4180 1272 4263; x_wconf 80' lang='lat' dir='ltr'><strong>plautus</strong></span> <span class='ocrx_word' id='word_1_327' title='bbox 1296 4190 1414 4244; x_wconf 70' lang='lat' dir='ltr'><strong>lustras</strong></span> <span class='ocrx_word' id='word_1_328' title='bbox 1438 4177 1597 4263; x_wconf 66' lang='lat' dir='ltr'><strong>ungulum,</strong></span> <span class='ocrx_word' id='word_1_329' title='bbox 1625 4188 1723 4242; x_wconf 83' lang='lat' dir='ltr'><strong>cautu-</strong></span> 
     </span>
     <span class='ocr_line' id='line_1_38' title="bbox 622 4279 1723 4366; baseline -0.001 -25"><span class='ocrx_word' id='word_1_330' title='bbox 622 4279 746 4363; x_wconf 82' lang='lat' dir='ltr'><strong>luutque</strong></span> <span class='ocrx_word' id='word_1_331' title='bbox 761 4280 867 4361; x_wconf 70' lang='lat' dir='ltr'><strong>liuyuu</strong></span> <span class='ocrx_word' id='word_1_332' title='bbox 885 4281 1077 4363; x_wconf 71' lang='lat' dir='ltr'><strong>AEqyptiucu</strong></span> <span class='ocrx_word' id='word_1_333' title='bbox 1089 4282 1251 4366; x_wconf 77' lang='lat' dir='ltr'><strong>psallentes</strong></span> <span class='ocrx_word' id='word_1_334' title='bbox 1269 4281 1474 4365; x_wconf 76' lang='lat' dir='ltr'><strong>uutipluuum.</strong></span> <span class='ocrx_word' id='word_1_335' title='bbox 1505 4280 1666 4343; x_wconf 74' lang='lat' dir='ltr'><strong>Benedicti</strong></span> <span class='ocrx_word' id='word_1_336' title='bbox 1679 4299 1723 4340; x_wconf 80' lang='lat' dir='ltr'><strong>cos</strong></span> 
     </span>
     <span class='ocr_line' id='line_1_39' title="bbox 622 4379 1718 4466; baseline -0.003 -23"><span class='ocrx_word' id='word_1_337' title='bbox 622 4404 642 4443; x_wconf 88' lang='lat' dir='ltr'><strong>u</strong></span> <span class='ocrx_word' id='word_1_338' title='bbox 670 4382 810 4455; x_wconf 76' lang='lat' dir='ltr'><strong>Domino,</strong></span> <span class='ocrx_word' id='word_1_339' title='bbox 839 4379 1058 4466; x_wconf 70' lang='lat' dir='ltr'><strong>benedictusque</strong></span> <span class='ocrx_word' id='word_1_340' title='bbox 1087 4383 1231 4446; x_wconf 79' lang='lat' dir='ltr'><strong>edocatus</strong></span> <span class='ocrx_word' id='word_1_341' title='bbox 1261 4393 1361 4459; x_wconf 81' lang='lat' dir='ltr'><strong>uester,</strong></span> <span class='ocrx_word' id='word_1_342' title='bbox 1388 4404 1503 4447; x_wconf 84' lang='lat' dir='ltr'><strong>osuuuu</strong></span> <span class='ocrx_word' id='word_1_343' title='bbox 1532 4382 1567 4445; x_wconf 84' lang='grc' dir='ltr'><strong>ιἰι</strong></span> <span class='ocrx_word' id='word_1_344' title='bbox 1599 4380 1718 4444; x_wconf 61' lang='lat' dir='ltr'><strong>euulsa</strong></span> 
     </span>
     <span class='ocr_line' id='line_1_40' title="bbox 625 4480 1716 4568; baseline -0.001 -25"><span class='ocrx_word' id='word_1_345' title='bbox 625 4483 717 4544; x_wconf 89' lang='lat' dir='ltr'><strong>Idem</strong></span> <span class='ocrx_word' id='word_1_346' title='bbox 750 4490 890 4544; x_wconf 88' lang='lat' dir='ltr'><strong>testatur</strong></span> <span class='ocrx_word' id='word_1_347' title='bbox 922 4481 1020 4545; x_wconf 87' lang='lat' dir='ltr'><strong>etiam</strong></span> <span class='ocrx_word' id='word_1_348' title='bbox 1055 4483 1271 4567; x_wconf 86' lang='lat' dir='ltr'><strong>Hieronymus</strong></span> <span class='ocrx_word' id='word_1_349' title='bbox 1300 4485 1332 4547; x_wconf 93' lang='lat' dir='ltr'><strong>in</strong></span> <span class='ocrx_word' id='word_1_350' title='bbox 1362 4506 1432 4568; x_wconf 90' lang='lat' dir='ltr'><strong>cap.</strong></span> <span class='ocrx_word' id='word_1_351' title='bbox 1461 4484 1526 4547; x_wconf 87' lang='lat' dir='ltr'><strong>xxi.</strong></span> <span class='ocrx_word' id='word_1_352' title='bbox 1561 4480 1716 4547; x_wconf 85' lang='lat' dir='ltr'><strong>Matthaei.</strong></span> 
     </span>
    </p>
   </div>
   <div class='ocr_carea' id='block_1_6' title="bbox 0 0 2187 5150">
    <p class='ocr_par' dir='ltr' id='par_1_8' title="bbox 0 0 2187 5150">
     <span class='ocr_line' id='line_1_41' title="bbox 0 0 2187 5150; baseline 0 0"><span class='ocrx_word' id='word_1_353' title='bbox 0 0 2187 5150; x_wconf 95' lang='lat' dir='ltr'><strong> </strong></span> 
     </span>
    </p>
   </div>
  </div>
 </body>
</html>
