4359 5150
778 946 780 951 ,
885 848 1468 953 ANNOTATIONES

921 1101 987 1183 iu
1017 1098 1448 1181 rusumuuruu

704 1323 937 1389 EPISTOLAE
964 1321 1236 1387 MARTYRUM
1261 1318 1657 1386 LUGDUNENSIUM.

1045 1584 1312 1629 ...q-.—

676 1785 714 1850 P.
732 1802 804 1869 259.
820 1784 840 1848 1.
859 1788 889 1851 6.
901 1788 1027 1868 Χαίρειν
1042 1790 1077 1853 ἐν
1091 1790 1175 1873 Θεῷ]
1196 1789 1276 1852 Post
1295 1791 1479 1870 excerptam
1493 1782 1727 1847 celeberrimam

631 1884 717 1949 illam
737 1887 873 1951 fratrum
893 1889 1031 1953 ecelesiae
1046 1888 1239 1953 Viennensis
1259 1896 1293 1953 et
1309 1885 1530 1973 Lugdunensis
1551 1883 1727 1969 epistelam,

631 2007 653 2050 e
682 1986 797 2070 quibus
821 1987 876 2050 alii
901 1987 1029 2052 cuidem
1055 2010 1076 2055 α
1102 2011 1136 2053 se
1162 1990 1267 2055 missae
1290 1988 1432 2074 epistolae
1458 1986 1527 2049 haee
1552 1991 1728 2067 martyrum

631 2088 802 2171 subjuncta
827 2088 923 2153 fuisse
941 2090 1076 2169 videtur,
1100 2090 1258 2156 Eusebius
1277 2112 1368 2175 eepp.
1384 2089 1427 2154 iii.
1450 2096 1484 2152 et
1502 2087 1543 2150 iv.
1558 2086 1613 2149 lib.
1629 2102 1662 2169 5.
1676 2083 1728 2147 uni

632 2188 705 2252 huie
727 2188 908 2274 fragmento
931 2191 1000 2275 ejus
1034 2191 1104 2256 hoee
1126 2193 1299 2278 praemisit:
1328 2198 1398 2256 Τῶν
1424 2188 1447 2254 δ’
1470 2189 1548 2269 ἀμφὶ
1571 2189 1626 2250 τ’δν
1650 2191 1729 2250 Μον-

631 2289 724 2354 ταυδν
755 2291 803 2354 καί
825 2290 1022 2373 Ἀλκιβιάδην
1049 2296 1098 2358 καὶ
1130 2295 1292 2371 Θεόδοτον,
1319 2294 1387 2374 περὶ
1418 2290 1472 2368 τὴν
1505 2290 1644 2369 Φρυγίαν
1667 2288 1730 2368 όρτι

631 2394 699 2455 τότε
713 2397 830 2473 πρῶτον
845 2392 899 2471 τὴν
913 2394 980 2473 περὶ
995 2399 1048 2457 τοῦ
1060 2395 1259 2476 προφητεύειν
1273 2396 1428 2474 ὑπόληψιν
1442 2392 1523 2471 παρὰ
1541 2393 1671 2454 πολλοῖς
1688 2390 1731 2451 ἔκ-

631 2494 816 2576 φερομίνων·
840 2500 981 2558 πλεῖσται
996 2498 1053 2577 γδρ
1068 2492 1122 2559 ούν
1138 2498 1185 2560 καὶ
1203 2497 1295 2559 ἄλλαι
1315 2489 1559 2574 παρσδοξοποιίαι
1579 2495 1633 2552 τοῖν
1652 2492 1730 2552 θείου

631 2598 818 2678 χαρίσματος
841 2597 935 2661 εἰσέτι
956 2598 1024 2661 τότε
1047 2600 1122 2661 κοτδ
1146 2599 1305 2678 διαφόρους
1328 2597 1489 2673 ἐκκλησίας
1512 2595 1731 2670 ἑκτελούμεναι,

632 2700 733 2760 πίστιν
748 2702 828 2777 παρὰ
842 2703 969 2763 πολλοῖς
989 2704 1040 2760 τοῦ
1062 2698 1214 2781 κᾷκείνους
1233 2698 1430 2778 προφητεύειν
1449 2700 1604 2776 παρεῖχον·
1629 2695 1678 2754 καὶ
1699 2691 1731 2767 bii

633 2802 795 2880 διαφωνίας
809 2802 998 2881 ὑπαρχούσης
1013 2801 1080 2880 περὶ
1096 2807 1153 2863 τῶν
1169 2800 1389 2879 δεδηλωμένων,
1403 2803 1531 2860 ΑΎΘΙΣ
1547 2800 1576 2858 οἱ
1593 2799 1667 2858 κατὰ
1680 2795 1731 2871 τὴν

633 2904 770 2964 Γαλλίου
793 2904 931 2982 ἀδελφοὶ,
950 2903 1004 2979 τὴν
1027 2906 1104 2965 ίδίαν
1128 2904 1225 2981 κρίσιν
1248 2902 1295 2963 καὶ
1318 2902 1385 2980 περὶ
1407 2900 1529 2969 τούτων,
1546 2899 1664 2974 εὐλαβῆ
1688 2897 1732 2958 καὶ

632 3002 864 3080 όρθοδοξοτότην
885 3003 1109 3066 ὑποτάττουσιν·
1142 3002 1295 3080 ἐκθέμενοι
1318 3003 1365 3063 καὶ
1392 3006 1450 3062 τῶν
1473 3000 1542 3078 παρ’
1565 2999 1665 3065 αὐτοῖς
1687 3023 1730 3059 τε·

633 3102 819 3165 λειωθέντων
833 3107 987 3185 μαρτύρων
1003 3105 1162 3184 διαφόρους
1176 3103 1346 3167 ἐπιστολάς
1364 3103 1398 3167 δς
1410 3104 1443 3163 ἓν
1453 3105 1573 3177 δεσμοῖς
1587 3100 1630 3160 ἔτι
1645 3098 1733 3177 ὑπόρ-

632 3229 748 3284 χουτες,
765 3211 827 3269 τοῖς
844 3207 890 3266 ἐπ’
908 3208 1013 3270 Ἀσίας
1029 3206 1076 3267 καὶ
1095 3206 1226 3284 Φρυγίας
1242 3205 1387 3283 ἀδελφοῖς
1407 3200 1599 3282 διεχόραξαν·
1624 3201 1659 3261 οὐ
1678 3199 1732 3278 μὴν

633 3304 716 3365 ἀλλὰ
736 3306 782 3366 καὶ
797 3306 964 3388 Ἐλευθέριρ
984 3309 1027 3388 τῷ
1047 3307 1115 3367 τότε
1129 3304 1282 3383 Ῥωμαίων
1302 3305 1463 3385 ἐπισκόπῳ,
1480 3306 1530 3378 τῆς
1550 3307 1610 3362 τῶν
1632 3303 1732 3377 ἐκκλη·

634 3410 708 3465 σιῶν
732 3404 847 3482 εἰρήνης
871 3403 959 3464 ἕνεκα
980 3405 1208 3482 πρεσβεύοντες.
1240 3405 1268 3464 οῖ
1291 3405 1316 3465 δ’
1341 3403 1423 3464 αὐτοὶ
1444 3401 1589 3480 μάρτυρες
1614 3403 1662 3462 καὶ
1684 3401 1733 3462 τὸν

634 3505 794 3581 Εἰρηναῖον
809 3504 1014 3580 πρεσβύτερον
1029 3502 1089 3564 τότ’
1105 3505 1178 3564 ὄντα
1193 3506 1244 3579 τῆς
1265 3505 1298 3564 ἐν
1318 3503 1495 3585 Λονγδούνῳ
1511 3503 1678 3581 παροικίας,
1695 3502 1732 3583 τῷ

634 3602 797 3678 δηλωθέντι
812 3605 885 3664 κατὰ
896 3601 1011 3680 Ῥώμην
1024 3605 1175 3686 ἐπισκόπιρ
1191 3605 1350 3674 συνίστων,
1364 3609 1493 3664 πλεῖστα
1507 3607 1548 3684 τῷ
1564 3604 1649 3682 ἀνδρὶ
1663 3628 1732 3680 μαρ-

634 3708 800 3780 τυροῦντες,
812 3705 849 3769 ὡς
865 3706 895 3765 οἱ
909 3709 1014 3766 τοῦτον
1031 3706 1156 3785 ἔχουσαι
1170 3704 1223 3766 τδυ
1238 3706 1349 3784 τρόπον
1363 3709 1487 3782 δηλοῦσι
1503 3705 1612 3783 φωναί.
1649 3710 1733 3765 ΧΑΙ-

636 3810 731 3865 ΡΕΙΝ
756 3806 789 3865 ἐν
813 3810 882 3888 Θεῷ
907 3808 964 3867 &e
1012 3808 1150 3868 Ceterum
1174 3827 1241 3868 ουνι
1263 3806 1431 3867 Montanus
1452 3814 1480 3866 et
1498 3803 1678 3866 Alcibiades
1699 3825 1734 3865 αα

640 3904 810 3977 Theodotus,
826 3915 897 3967 ίιιιιο
904 3906 1044 3989 primum
1059 3908 1094 3968 ιἰι
1113 3906 1251 3989 Phrygiis
1265 3907 1402 3990 opinione
1420 3905 1572 3967 homiuum
1593 3915 1735 3989 tanquam

636 4005 800 4088 Ρτορίιοίω
814 4006 958 4069 celebrari
973 4008 1126 4090 erupissent
1149 4008 1259 4089 (ιιιιιίία
1279 4008 1391 4090 quippe
1410 4007 1529 4068 divine
1548 4007 1662 4088 ρναίῖιυ
1683 4007 1736 4066 mi-

635 4106 745 4168 racula
759 4108 793 4168 ιἰι
800 4105 945 4189 pluribus
958 4108 1082 4170 eseksiis
1097 4108 1188 4171 etiam
1203 4107 1351 4192 tvzimfieri
1369 4106 1467 4178 solita,
1475 4106 1573 4188 fidem
1589 4107 1735 4190 piissimis

626 4204 786 4287 faciebant
801 4229 847 4268 eos
861 4229 973 4290 quoque
981 4208 1176 4290 ρνιηοίιοίονο)
1194 4230 1315 4291 essesque
1329 4209 1452 4270 illerum
1471 4208 1625 4270 seminem
1645 4229 1734 4271 οαιιςο

635 4309 779 4371 dissensio
792 4319 860 4371 οτία
875 4319 953 4383 esset,
969 4312 1071 4393 quiin
1090 4311 1201 4374 Gallia
1215 4321 1302 4373 ουαυιί
1313 4312 1444 4393 frutms,
1454 4311 1618 4393 privatum
1636 4310 1672 4371 ιίο
1691 4307 1734 4369 iis

626 4408 783 4488 judicium
797 4431 893 4486 οιιιιυν,
910 4411 1082 4494 νοίίρίοςουι
1103 4412 1246 4495 inprimis
1260 4422 1286 4473 et
1301 4433 1368 4473 ανον
1383 4409 1535 4491 rectis-fide
1549 4410 1732 4481 commetiens,
