4359 5150
554 1548 771 1731 AUREA
789 1550 873 1625 hacc
889 1547 1098 1644 primorum
1117 1547 1342 1624 saeculorum
1357 1552 1498 1649 scripta
1511 1558 1600 1632 misi

659 1693 708 1765 ad
734 1714 811 1778 vos,
830 1691 1043 1780 Venerandi
1061 1691 1204 1776 Patres,
1223 1692 1288 1785 qui
1313 1693 1427 1767 laude
1446 1717 1599 1772 morum

547 1831 802 1924 antiquorum,
833 1809 1042 1924 disciplinae
1072 1832 1310 1926 Apostolioae,
1341 1833 1429 1906 fidei
1459 1836 1600 1911 Catho-

547 1969 640 2055 licae,
671 1970 823 2043 floretis.
875 1969 974 2043 Sunt
1003 1971 1064 2046 hac
1095 1971 1249 2067 quidem
1279 1972 1466 2069 Reliquiae
1497 1975 1599 2070 frag-

546 2115 678 2181 menta
694 2115 848 2183 tantum
868 2110 1004 2183 flebilis
1021 2110 1221 2204 naufragii,
1240 2118 1279 2184 et
1300 2111 1458 2185 humilis
1479 2120 1597 2209 atque

546 2246 734 2341 depressa
768 2249 938 2322 ecclcsiae
971 2255 1244 2338 monumenta3
1293 2251 1360 2323 sed
1399 2271 1444 2322 eo
1478 2252 1597 2325 etiam

545 2388 667 2481 magis
684 2387 791 2462 vobis
808 2388 1020 2475 offerenda,
1034 2389 1136 2484 quod
1154 2395 1193 2461 et
1210 2388 1283 2483 ipsi
1295 2390 1451 2463 fortuna
1466 2390 1596 2466 minus

544 2546 725 2621 prospera
745 2526 908 2600 utimini.
961 2526 1017 2600 De
1038 2526 1151 2601 rebus
1169 2526 1306 2601 vestris
1326 2528 1496 2602 externis
1516 2551 1595 2604 non

545 2665 601 2738 ita
626 2666 736 2740 valde
761 2667 901 2753 labor0,
925 2690 993 2740 seu
1018 2667 1164 2762 praedia
1188 2668 1338 2761 perdita
1360 2675 1398 2742 et
1424 2668 1596 2764 dispersa

544 2810 644 2890 sunt,
664 2826 731 2877 seu
757 2804 962 2898 dignitates
985 2811 1024 2877 et
1049 2825 1189 2914 pompa
1211 2807 1341 2879 saeculi
1367 2807 1528 2895 ablatae3
1554 2810 1594 2882 id

544 2946 646 3018 enim
664 2966 801 3040 parum
818 2950 897 3032 est3
923 2944 1199 3017 nobilissimam
1217 2968 1305 3019 vero
1327 2953 1489 3041 gentem,
1507 2949 1594 3022 reli-

542 3085 665 3178 gionis
691 3085 888 3159 cultricem
914 3086 1132 3179 ceteroquin
1158 3086 1356 3180 egregiam,
1380 3109 1405 3159 a
1430 3088 1594 3181 pristina

543 3248 614 3299 sua
630 3227 793 3301 divisam
819 3249 901 3301 esse
927 3226 1148 3312 hierarchia
1166 3249 1211 3299 ac
1237 3227 1358 3300 scindi
1381 3249 1405 3300 a
1425 3250 1593 3302 commu-

542 3367 655 3440 nione
672 3375 809 3452 vestra
829 3367 961 3439 Patres
975 3365 1199 3451 Venerandi,
1218 3387 1330 3438 nemo
1348 3372 1407 3440 est
1420 3368 1591 3441 omnium

542 3528 629 3578 cum
641 3506 867 3580 Christianis
881 3506 1034 3599 quidem
1045 3505 1214 3599 antiquis
1228 3506 1484 3590 sentientium,
1498 3507 1591 3598 quin

542 3647 613 3719 hoc
641 3647 777 3719 doleat.
829 3646 899 3720 Est
927 3652 1067 3731 autem,
1099 3646 1145 3718 de
1173 3668 1248 3739 quo
1278 3645 1384 3717 vobis
1411 3645 1590 3739 gratuler,

542 3787 860 3880 vehementerque
877 3785 1074 3880 gaudeam.
1115 3785 1211 3857 Pace
1229 3785 1400 3856 fruimini
1415 3785 1465 3857 ad
1482 3806 1591 3858 sacra

540 3925 614 3998 rite
639 3926 862 4020 peragenda
880 3947 977 4020 quae,
996 3946 1083 3996 oum
1103 3925 1170 4016 jus
1196 3924 1365 3995 omnium
1392 3923 1589 3996 hominum

541 4085 742 4137 commune
776 4065 835 4148 sit,
871 4063 1027 4148 stabilis,
1063 4071 1108 4134 ut
1142 4084 1259 4157 spere,
1294 4062 1427 4135 futura
1456 4069 1514 4135 cst
1545 4086 1590 4137 ac

540 4212 745 4300 perpetua3
771 4227 873 4278 nunc
896 4206 1050 4278 demum
1073 4209 1184 4290 certe,
1202 4210 1405 4300 postquam
1428 4227 1476 4277 ex
1500 4205 1590 4277 civi-
