4359 5150
577 459 644 521 ιιι
901 452 1141 535 uaricum
1166 450 1340 516 sacam.

578 618 710 720 ζῶντας
729 618 786 693 καὶ
804 612 955 716 νεκροῦς,
973 617 1032 691 καὶ
1050 613 1233 693 ἀποδώσει
1249 610 1392 717 ἑκιίστερ
1414 608 1507 691 κατὰ
1529 609 1577 690 τὰ
1599 614 1676 691 ἐπι·

579 749 781 850 τηδεῦμοιτα
798 749 917 827 αὐτοῦ·
946 750 1002 852 ἐφ’
1016 746 1068 830 οἷς
1085 745 1196 846 μηδὲν
1212 749 1331 828 (αἰτῶν
1347 745 1600 849 κατεγνωκότα
1615 743 1681 826 τὸν

580 880 811 983 Δομετιανὸν,
840 879 942 959 ἀλλὰ
976 884 1035 960 καὶ
1067 884 1117 965 ὡς
1149 882 1304 960 εὐτελῶν
1341 879 1681 987 καταφραήσαντα,

579 1017 784 1119 ἐλευθέρους
797 1014 864 1114 μέν
878 1013 1004 1099 αὐτοῦς
1017 1018 1160 1111 ἀνεῖναι,
1174 1023 1404 1094 καταπαῦσαι
1422 1014 1462 1094 δέ
1478 1012 1538 1093 διὰ
1555 1048 1678 1116 προσ-

580 1148 761 1251 τάγματος
793 1149 857 1229 τὸν
888 1147 981 1227 κατὰ
1005 1153 1069 1246 τῆς
1093 1148 1287 1248 ἐκκλησίας
1320 1147 1489 1248 διωγμόν·
1529 1147 1612 1230 τοῦς
1644 1147 1682 1227 δὲ
1690 1183 1708 1245 5

581 1287 835 1383 ἀπολυθέντας,
849 1282 1061 1385 ἡγήσασθαι
1079 1290 1151 1363 τῶν
1169 1285 1382 1382 ἐκκλησιῶν,
1393 1287 1443 1368 ὡς
1460 1271 1506 1363 ἂν
1524 1281 1569 1382 δή
1587 1280 1681 1385 μοίρ-

581 1452 689 1521 τυρας
707 1420 796 1516 ὁμοῦ
810 1421 869 1495 καὶ
887 1415 959 1497 ἀπὸ
978 1416 1101 1517 γένους
1119 1416 1225 1501 ὄντας
1238 1424 1302 1495 τοῦ
1318 1418 1466 1518 Κυρίου·
1489 1418 1684 1519 γενομένης

581 1585 620 1629 τε
643 1549 790 1653 εἰρήνης,
808 1549 913 1654 μέχρι
930 1556 1111 1652 Τραϊανοῦ
1133 1557 1348 1651 supernata
1369 1548 1500 1635 αῦτοῦς
1518 1556 1573 1657 τῷ
1596 1552 1681 1657 βίη.

584 1686 657 1744 Haec
670 1686 769 1764 posuit
785 1686 930 1744 Eusebius
944 1685 993 1743 lib.
1008 1685 1050 1743 iii.
1068 1685 1150 1742 Hist.
1165 1705 1190 1743 c.
1205 1703 1251 1741 20.

632 1786 832 1893 ’'pron
851 1789 913 1867 οὖν
938 1806 1040 1881 (Judoe
1059 1816 1180 1883 nepotes
1201 1806 1333 1883 proxime
1354 1816 1421 1863 ante
1437 1804 1602 1877 memorati)
1623 1789 1730 1865 καῦτο

581 1930 822 2024 στρατηγοῦντα
849 1921 972 2018 πάσης
1000 1920 1194 2018 ἐκκλησίας
1224 1922 1272 2001 ὡς
1303 1917 1488 2021 μάρτυρες,
1519 1923 1579 1998 καὶ
1610 1918 1683 1999 ἀπὸ

581 2056 706 2157 γένους
730 2061 795 2133 τοῦ
822 2055 964 2156 Κυρίου.
1004 2056 1062 2131 καὶ
1086 2052 1279 2152 γενομένης
1306 2050 1444 2155 εἰρήνης
1469 2054 1619 2146 βαθείας
1646 2056 1684 2131 έν

583 2186 686 2293 ποίση
725 2189 910 2293 ἐκκλησίᾳ,
942 2188 1089 2284 μένουσι
1126 2185 1231 2288 μέχρι
1267 2191 1447 2288 Τραϊανοῦ
1486 2187 1682 2289 Καίσαρος.

583 2323 706 2427 μέχρις
725 2321 766 2400 οῦ
786 2323 805 2398 ὁ
823 2324 862 2399 ἐκ
881 2319 976 2399 θείου
994 2327 1057 2397 τοῦ
1079 2321 1212 2421 Κυρίου
1231 2320 1251 2397 ὁ
1269 2319 1519 2422 προειρημένος
1537 2319 1685 2417 Συμεὼν

585 2453 658 2539 υίὸς
673 2459 826 2550 Κλωπᾶ,
840 2455 1123 2554 συκοφανιηθεῖς
1143 2450 1212 2531 ῦπῦ
1230 2460 1303 2531 τῶν
1315 2454 1497 2555 αἱρέσεων,
1512 2453 1686 2537 ὡσαύτως
1698 2476 1730 2535 ¹5

585 2587 813 2690 κατηγορήθη
833 2592 889 2667 καὶ
909 2586 1015 2672 αὐτὸς
1032 2590 1090 2667 ε’πὶ
1115 2593 1166 2693 τῷ
1193 2588 1289 2694 αὐτῷ
1314 2586 1414 2694 λόγῳ
1441 2589 1500 2667 ἐπὶ
1517 2590 1686 2668 Ἀττικοῦ

586 2732 649 2801 τοῦ
669 2726 848 2801 ὑπατικοῦ.
884 2726 941 2800 καὶ
959 2726 1016 2800 ἐπὶ
1034 2722 1179 2806 πολλὰς
1193 2724 1323 2824 ἡμέρας
1338 2722 1564 2824 αἰκιζόμενος,
1581 2726 1687 2825 ἐμαρ-

588 3067 723 3123 Christus
744 3065 900 3121 adveniens
921 3085 985 3121 cum
1008 3064 1110 3139 gloria,
1163 3064 1328 3141 praesident,
1357 3076 1460 3141 utpote
1489 3076 1633 3144 martyres
1661 3081 1690 3123 et

588 3147 670 3202 vivos
699 3144 784 3202 simul
812 3156 842 3200 et
871 3155 1000 3200 mortuos
1032 3143 1112 3217 judi.
1163 3144 1259 3219 agnati
1303 3144 1421 3200 Christi.
1497 3144 1689 3221 Tandemque

588 3226 674 3290 cubit,
690 3235 719 3282 et
734 3224 891 3298 unicuique
910 3243 1029 3298 operum
1045 3243 1112 3279 suo·
1164 3223 1309 3300 profunda
1340 3243 1410 3299 pace
1441 3223 1568 3281 ecclesiae
1604 3226 1736 3283 resti-20

588 3325 652 3361 rum
688 3303 848 3360 mercedem
885 3303 1004 3358 tribuet.
1055 3303 1113 3358 His
1163 3313 1237 3365 tuta,
1258 3301 1292 3358 ad
1312 3303 1425 3378 Trajani
1446 3323 1538 3378 usque
1558 3315 1691 3380 tempora

589 3384 706 3450 auditis,
737 3382 922 3438 Domitianus
954 3382 1026 3437 nihil
1062 3382 1112 3437 ad·
1164 3381 1334 3457 superstites
1348 3384 1478 3439 fuerunt.
1515 3383 1619 3439 Donec
1635 3384 1691 3461 Sy-

589 3483 690 3520 versus
718 3461 782 3516 illos
810 3462 938 3536 asperius
963 3461 1111 3517 decrevit:
1164 3481 1247 3516 meon
1270 3462 1453 3537 supradictus
1474 3461 1592 3538 Cleopae
1613 3463 1691 3519 filius

589 3543 641 3600 sed
668 3541 805 3597 vilitatem
838 3540 986 3595 hominum
1016 3561 1112 3616 asper·
1164 3541 1227 3615 ejus
1249 3541 1298 3615 qui
1324 3552 1445 3617 patruus
1469 3552 1532 3597 erut
1558 3541 1689 3606 Domini,

589 3633 685 3684 natus,
701 3620 805 3675 liberos
820 3620 898 3675 sitire
914 3620 1021 3692 jussit:
1045 3621 1113 3677 mis.
1164 3631 1314 3676 accusatus
1329 3619 1461 3676 similiter
1476 3621 1512 3676 ab
1525 3620 1689 3686 HaereticiS,
1702 3630 1737 3686 25

590 3720 679 3775 soque
698 3699 794 3756 edicto
811 3699 1039 3773 persecutionem
1063 3700 1111 3755 nd·
1165 3710 1194 3755 et
1226 3699 1263 3755 ob
1291 3698 1410 3755 eandem
1436 3718 1549 3755 causam
1582 3699 1613 3754 in
1642 3700 1691 3774 jus

590 3799 690 3836 versus
742 3777 888 3834 ecclesiam
941 3789 1112 3834 commotam
1165 3788 1283 3834 vocatus
1306 3790 1349 3834 est
1371 3798 1465 3834 coram
1487 3779 1590 3835 Attico
1612 3779 1691 3834 Con.

590 3858 777 3936 compescuit.
818 3856 890 3912 Illos
903 3877 972 3913 vero
987 3856 1022 3912 ad
1038 3859 1115 3914 hunc
1166 3857 1272 3925 sulari;
1294 3867 1324 3914 et
1343 3877 1393 3934 per
1408 3856 1514 3913 multos
1533 3856 1595 3914 diss
1612 3878 1692 3915 acer.

590 3937 708 3994 modurn
731 3937 872 4003 dimissos,
888 3935 1015 3992 ecclesiis
1037 3948 1114 4013 post·
1166 3937 1289 3994 bissimis
1317 3936 1469 3993 tormentis
1494 3936 1690 4001 excruciatus,

591 4018 644 4073 hac
672 4017 820 4093 praefuisse
852 4026 979 4078 narrant,
1012 4026 1115 4092 utpote
1166 4014 1252 4072 fidem
1300 4015 1408 4072 Christi
1459 4015 1738 4083 constantissime30

592 4096 700 4152 Christi
726 4106 866 4171 martyres
887 4094 973 4149 simul
995 4115 1027 4151 ac
1049 4116 1116 4171 pro.
1168 4095 1313 4172 professus
1330 4105 1392 4163 est,·
1414 4094 1486 4152 adeo
1507 4106 1542 4150 ut
1563 4110 1593 4151 et
1613 4095 1691 4151 Con.

592 4175 736 4252 pinqu0s;
771 4186 801 4230 et
829 4193 898 4245 pace
927 4173 1042 4229 demum
1071 4194 1116 4230 ec·
1166 4174 1269 4231 sularis
1289 4176 1358 4250 ipse,
1379 4184 1409 4231 et
1430 4193 1531 4231 omnes
1552 4175 1602 4250 qui
1625 4174 1691 4231 ade·

592 4254 685 4310 clesiae
705 4253 817 4309 reddita
837 4252 872 4308 ad
889 4252 1004 4326 Trajani
1025 4273 1116 4328 usque
1167 4264 1241 4318 rant,
1254 4273 1427 4330 magnopere
1438 4253 1623 4317 mirarentur,
1635 4273 1691 4329 qus

592 4344 722 4409 tempora
759 4333 846 4388 vitam
888 4332 1116 4407 perduxisse.—
1168 4334 1278 4389 ratione
1307 4334 1350 4388 vir
1378 4344 1494 4389 centum
1526 4353 1559 4390 ac
1587 4333 1689 4409 viginti

592 4411 709 4468 Adsunt
728 4411 770 4467 illi
785 4422 815 4467 et
831 4411 972 4467 universae
989 4411 1116 4468 ccclesia*
1167 4433 1256 4469 annos
1278 4423 1372 4476 natus,
1394 4422 1439 4468 tot
1460 4423 1606 4470 tormenta
1627 4431 1689 4489 per.
1698 4424 1731 4478 35
