4359 5150
840 384 1148 459 PRAEF'ATIO.
1406 390 1520 459 xxxix

464 610 694 682 cernerem,
728 585 954 693 inquibus
987 585 1084 665 vitae
1115 612 1259 666 eorum
1293 613 1340 666 ac
1370 586 1521 694 scripta

464 720 603 801 veluti
633 719 777 830 primis
803 718 923 801 lineis
952 717 1288 828 designarentur,=
1315 749 1522 802 commen-

466 854 620 936 tariola
639 856 831 964 quaedam
858 855 987 966 adjeci
1009 883 1061 936 ex
1086 856 1129 936 S.
1148 854 1396 965 Hieronymi
1417 855 1522 939 libro

461 989 728 1099 deprompta,
741 1017 867 1097 quem
881 989 946 1072 De
967 989 1077 1072 Viris
1089 991 1328 1073 Illustribus
1342 992 1520 1101 scripsit;

462 1124 532 1205 vir
564 1152 743 1233 magnus
771 1140 815 1206 et
843 1126 940 1234 ipse,
965 1123 1109 1233 judice
1147 1124 1361 1233 Soaligem,
1394 1143 1521 1234 atque

462 1257 658 1339 illustris
706 1259 876 1340 Etenim
896 1287 944 1340 ea
964 1273 1073 1355 sunt,
1094 1286 1190 1367 quae
1210 1257 1355 1340 utilem
1373 1258 1520 1340 harum

460 1390 689 1473 literarum
722 1391 914 1474 notitiam
948 1392 1033 1473 sint
1063 1394 1309 1502 praestitura,
1342 1422 1389 1476 ac
1421 1423 1522 1503 prae-

460 1540 586 1609 terea
604 1524 689 1608 fide
703 1554 778 1608 sua
792 1541 835 1608 et
853 1527 1111 1623 auctoritate,
1124 1529 1339 1637 gratiaque
1357 1530 1521 1638 propria

457 1660 749 1770 antiquitatis,
765 1659 993 1770 legentium
1009 1661 1196 1742 animum
1211 1661 1380 1744 firment
1394 1675 1521 1771 atque

458 1792 695 1876 oblectent.

524 1927 725 2036 Denique
743 1927 907 2009 confido
926 1928 1024 2023 fore,
1040 1929 1117 2008 etsi
1134 1928 1331 2038 indignus
1345 1930 1434 2023 sim,
1446 1933 1519 2038 qui

456 2064 509 2145 in
534 2060 718 2144 eoclesiae
730 2089 871 2170 gazam
888 2063 1215 2144 minutissimum
1229 2091 1285 2145 aes
1300 2066 1519 2163 conferam,

456 2213 517 2281 ut
536 2196 609 2278 hic
627 2194 927 2305 qualiscunque
947 2196 1063 2279 labor
1084 2225 1203 2280 meus
1228 2198 1342 2280 haud
1361 2198 1520 2281 inutilis

454 2334 522 2415 sit
554 2331 635 2441 piis
658 2346 785 2439 atque
813 2332 992 2413 cordatis
1026 2332 1112 2414 veri
1146 2333 1518 2442 investigatoribus.

455 2466 589 2550 Illud
613 2481 724 2549 certe
752 2494 777 2548 a
804 2467 905 2564 Deo,
925 2496 1009 2577 qua
1037 2482 1100 2550 est
1128 2468 1418 2566 misericordia,
1437 2472 1520 2552 sin-

452 2632 561 2689 cere
590 2616 634 2685 et
661 2603 786 2686 enixe
814 2632 966 2713 precor,
987 2617 1036 2685 ut
1061 2604 1218 2686 Christi
1239 2604 1418 2699 ecclesia,
1437 2636 1520 2689 ces-

451 2739 655 2822 santibus
675 2737 835 2846 ubique
856 2739 952 2820 odio
977 2752 1106 2848 atque
1124 2739 1349 2837 discordiis,
1376 2771 1518 2851 pacem

453 2887 513 2956 et
530 2873 749 2957 caritatem
770 2901 796 2953 a
815 2874 973 2983 Spiritu
995 2872 1150 2956 Sancto
1169 2890 1456 2983 consequatur.
