4359 5150
540 399 626 468 xxvi
907 394 1215 466 PRAEFATIO.

542 596 732 675 buuntur
752 589 934 689 Catenis,
952 590 1019 673 vel
1037 594 1090 674 ab
1117 591 1302 702 antiquis
1322 594 1590 701 scriptoribus

541 754 594 809 ex
631 725 937 835 antiquioribus
968 726 1070 808 meis
1103 727 1385 836 proferuntur,
1422 739 1473 808 ut
1504 753 1592 808 sus-

542 860 770 971 picer‚ante
783 857 915 941 muita
928 859 1079 942 saecula
1090 860 1289 970 pleraque
1300 860 1453 943 horum
1467 888 1592 971 opera

541 1006 711 1105 propter
730 993 861 1076 varias
880 1021 1022 1076 causas
1041 996 1211 1103 penitus
1230 995 1500 1093 intercidisse,
1518 1008 1593 1077 aut

543 1142 656 1212 certe
683 1129 737 1211 ad
765 1156 896 1240 pauca
930 1130 1157 1212 admodum
1185 1128 1437 1239 exemplaria
1466 1131 1593 1212 fuisse

542 1265 722 1348 redacta.
781 1264 938 1346 Verum
971 1262 1119 1361 hercle,
1149 1277 1200 1346 ut
1226 1264 1362 1347 dicam
1388 1263 1503 1374 quod
1528 1290 1593 1345 res

543 1412 618 1496 est,
638 1399 762 1480 nimis
782 1398 930 1481 incerti
952 1399 1117 1508 generis
1140 1398 1354 1479 interdum
1378 1409 1479 1479 sunt
1499 1424 1591 1479 sen-

543 1533 700 1632 teutiae,
719 1561 815 1643 quae
834 1533 879 1615 in
901 1529 1072 1615 Catenis
1096 1544 1225 1642 atque
1252 1530 1457 1643 ejusmodi
1475 1530 1593 1613 libris

543 1668 688 1778 positae
717 1668 923 1765 videntur,
951 1694 1079 1776 quam
1108 1679 1158 1749 ut
1186 1679 1403 1750 auctorum
1431 1693 1594 1776 semper

544 1832 641 1901 esse,
670 1831 849 1912 quorum
877 1802 1072 1885 feruntur
1101 1801 1350 1898 nominibus,
1381 1802 1493 1885 credi
1523 1802 1594 1884 de-

544 1940 682 2020 beant.
741 1937 855 2034 Esse,
874 1965 948 2020 cur
967 1937 1273 2020 dubitationem
1289 1964 1593 2046 nonuunquam

545 2072 623 2156 hoc
652 2072 813 2170 habeat7
838 2072 988 2154 harum
1017 2100 1157 2155 rerum
1183 2071 1305 2182 periti
1329 2071 1478 2168 sciunt,
1497 2099 1594 2155 cum

545 2222 720 2318 propter
742 2207 842 2291 alias
870 2235 1021 2306 causas,
1042 2220 1134 2290 tum
1153 2208 1253 2317 quia
1279 2207 1346 2290 hae
1372 2208 1496 2312 ῥήσεις
1523 2208 1595 2290 ad-

544 2345 635 2427 dito
667 2343 754 2427 solo
787 2345 968 2427 auctoris
1001 2373 1086 2427 non
1120 2345 1221 2427 item
1253 2343 1388 2454 operis
1425 2344 1595 2426 nomine

544 2481 724 2563 maxime
743 2492 964 2592 ponantur,
984 2480 1098 2562 uude
1112 2481 1202 2563 fieri
1222 2481 1361 2592 possit,
1377 2491 1426 2561 ut
1444 2508 1469 2562 e
1486 2478 1594 2562 libro

545 2614 828 2723 ψευδπιγράφῳ
845 2616 1038 2726 primitus
1058 2617 1195 2699 ductae
1215 2617 1383 2699 fuerint.
1444 2617 1594 2726 ltaque

545 2780 633 2835 rern
653 2751 845 2835 cecidisse
864 2753 1077 2834 interdum
1093 2752 1361 2862 deprehendi.
1397 2753 1479 2834 Sed
1493 2781 1596 2863 qua-

545 2915 711 2995 cunque
746 2888 800 2969 de
832 2915 954 2970 causa
986 2887 1136 2970 falsum
1169 2917 1320 2971 nornen
1354 2888 1595 2997 irrepsisset,

545 3023 660 3132 quod
677 3021 812 3105 aliena
837 3026 915 3104 sub
932 3023 1112 3133 glorioso
1131 3023 1257 3106 titulo
1284 3023 1459 3107 latentia
1478 3024 1596 3107 dete-

544 3185 642 3266 gere
679 3158 919 3266 potuissem‚
958 3157 1140 3255 laetabar‚
1177 3185 1254 3240 nec
1283 3158 1387 3240 mihi
1425 3187 1594 3268 operam

546 3292 816 3402 studiumque
845 3293 1013 3402 periisse
1044 3293 1342 3375 existimabam.
1399 3295 1504 3385 Quis
1533 3306 1597 3376 est

546 3427 745 3524 omnium,
778 3425 958 3537 exempli
989 3427 1134 3537 gratia,
1158 3429 1262 3536 quin
1298 3429 1436 3537 magni
1471 3429 1597 3511 faciat

545 3574 779 3644 accuratam
808 3560 1135 3671 praestantissimi
1166 3559 1480 3670 Wyttenbachii
1507 3563 1594 3644 dis·

545 3698 806 3807 putationem
833 3696 887 3778 de
917 3695 1025 3779 libro
1055 3699 1138 3800 περὶ
1164 3698 1302 3776 παίδων
1329 3699 1485 3798 ἀγωγῆς,
1511 3727 1597 3806 qua

545 3831 781 3913 ostenditur
818 3829 889 3912 ille
926 3827 1153 3911 Plutarcho
1189 3828 1459 3912 Chaeronensi
1492 3829 1597 3912 salso

546 3965 706 4047 tribui?

601 4100 680 4182 Ast
705 4102 889 4211 profecto
916 4101 1030 4183 subit
1056 4099 1160 4183 mihi
1187 4112 1304 4207 grata
1323 4102 1512 4209 quaedam
1534 4130 1596 4184 re-

545 4236 741 4334 cordatio,
769 4236 833 4317 uti
863 4249 971 4334 ante,
999 4237 1056 4318 sic
1081 4248 1221 4318 nostra
1247 4237 1385 4333 etiam,
1410 4247 1596 4345 patrum-
