4359 5150
541 380 638 453 xxiv
913 378 1214 453 PRAEFATIO.

541 581 666 662 ribus.
724 579 804 660 Sed
824 605 1064 688 quanquam
1085 578 1238 687 scripta
1257 578 1459 660 hactenus
1481 605 1587 660 com-

541 725 780 809 memorata,
799 714 952 822 partim
978 713 1252 822 suspicionem
1275 714 1410 795 νοθείας
1429 711 1589 809 habere,

540 851 693 961 partim
713 876 737 929 a
757 848 987 929 rationibus
1006 848 1110 929 meis
1128 847 1263 929 aliena
1282 874 1380 945 esse,
1395 847 1591 957 judicavi,

542 983 678 1065 multa
698 996 839 1065 tamen
860 1011 936 1090 ego
953 979 1245 1079 ἀποσπασμάτια
1267 1009 1358 1062 sum
1379 977 1590 1076 allaturus,

542 1147 637 1228 quae
662 1118 846 1199 historiae
873 1116 1067 1198 literariae
1093 1144 1218 1197 sacrae
1246 1116 1515 1225 scriptoribus
1534 1116 1590 1224 ig-

544 1264 643 1334 nota
675 1252 770 1347 sint,
802 1249 999 1360 pleraque
1034 1262 1175 1331 autem
1207 1251 1260 1330 ab
1298 1250 1443 1331 iisdem
1479 1250 1589 1331 indi·

543 1398 647 1482 cata,
680 1385 754 1467 sed
785 1383 996 1466 communi
1025 1382 1164 1463 adhuc
1188 1411 1265 1463 usu
1295 1386 1494 1493 sejuncta,
1520 1399 1588 1465 ut·

542 1534 640 1630 pote
659 1546 755 1628 quae
775 1520 819 1599 in
839 1518 966 1613 libris,
986 1516 1051 1597 vel
1071 1544 1233 1625 magnae
1254 1517 1384 1614 molis,
1404 1517 1469 1600 vel
1490 1520 1591 1600 raris

543 1656 730 1748 inventu,
771 1653 921 1760 saepius
959 1649 1223 1733 delitescunt.
1290 1651 1355 1733 De
1393 1650 1592 1760 reliquiiS,

542 1818 637 1897 quae
652 1789 763 1897 typis
779 1788 986 1896 impressae
1006 1787 1190 1883 fuerunt,
1210 1799 1390 1867 tantum.

599 1926 665 2007 De
685 1922 908 2033 Opusculis
933 1924 1125 2004 indicatis
1150 1924 1194 2003 in
1219 1923 1438 2004 Librorum
1468 1922 1592 2005 MSS

543 2074 682 2142 torum
702 2059 921 2167 CatalogiS,
942 2088 1055 2141 nunc
1074 2072 1137 2141 est
1155 2059 1461 2168 exponendum.
1499 2061 1591 2157 Sed,

542 2195 658 2303 quod
702 2194 855 2276 referre
901 2194 1026 2302 piget,
1078 2194 1164 2274 fere
1208 2205 1416 2301 quotquot
1459 2192 1590 2276 libelli

542 2331 734 2413 anecdoti
755 2329 992 2411 auctoribus
1015 2328 1117 2409 meis
1142 2327 1185 2406 in
1209 2326 1274 2407 his
1300 2328 1506 2409 indicibus
1524 2355 1588 2410 as·

543 2467 773 2573 signantur,
792 2491 861 2546 eos
890 2461 952 2544 vel
982 2460 1297 2568 ψευδεπιγράφους
1320 2490 1417 2558 esse,
1437 2461 1499 2545 vel
1530 2465 1593 2545 in-

543 2599 887 2707 terpolationibus
915 2598 1141 2679 admodum
1170 2608 1384 2705 corruptos
1413 2626 1500 2681 esse
1530 2601 1593 2681 in-

544 2735 663 2828 veni;
704 2731 880 2841 exempli
920 2733 1064 2840 gratia,
1102 2733 1140 2812 S.
1169 2732 1283 2813 Petri
1316 2731 1590 2816 Alexandrini

546 2872 761 2977 Praecepta
780 2869 836 2947 od
853 2866 1143 2947 instituendum
1164 2868 1289 2946 vitam
1309 2865 1438 2962 utilio,
1458 2866 1592 2949 homi-

543 3000 641 3083 liam
662 3002 705 3081 in
727 2998 975 3083 bibliotheca
995 3001 1107 3108 regia
1128 3001 1347 3082 Parisiensi
1363 3015 1591 3098 servatam;

542 3137 568 3217 J
572 3137 644 3218 ulii
667 3136 851 3218 Africani
874 3137 1171 3218 Narrationem
1187 3138 1235 3218 de
1253 3138 1306 3219 iio
1321 3165 1409 3244 quse
1424 3139 1467 3218 in
1489 3143 1593 3222 Per-

541 3275 627 3355 side
659 3287 777 3382 gesto
814 3287 911 3354 aunt
945 3300 1026 3382 per
1063 3272 1218 3353 Christi
1260 3269 1592 3368 incarnationem,

542 3435 668 3516 penes
697 3406 989 3489 bibliothecam
1010 3406 1389 3502 Vindobonensem,
1408 3436 1503 3515 quae
1532 3423 1593 3492 ta-

542 3571 637 3622 men
669 3542 917 3650 nuperrime,
947 3552 995 3621 ut
1024 3542 1168 3622 docuit
1200 3570 1274 3622 nos
1303 3540 1352 3622 cl.
1376 3542 1591 3626 Harlesius

544 3676 817 3787 Supplentent.
853 3678 908 3757 od
936 3678 1160 3758 Introduct.
1195 3679 1312 3758 Hiot.
1346 3679 1471 3787 Ling.
1510 3682 1588 3760 Gr.

544 3809 619 3892 vol.
638 3810 677 3892 ii.
698 3839 737 3920 p.
751 3819 843 3898 370.
863 3840 914 3891 ex
934 3811 1042 3892 binis
1057 3810 1174 3891 codd.
1191 3808 1357 3891 Monac.
1375 3812 1488 3892 edita
1503 3826 1590 3908 est3

543 3945 844 4055 Melitonisque
880 3959 1080 4054 praeterea
1119 3943 1288 4026 Clavem
1324 3945 1367 4025 in
1403 3945 1591 4056 Collegio

541 4080 864 4162 Claromontano
919 4079 1139 4161 Parisiensi
1192 4078 1289 4160 olim
1345 4081 1589 4188 repositam;

540 4244 719 4324 quorum
745 4216 916 4323 quidem
947 4212 1250 4322 opusculorum,
1277 4216 1384 4296 sicut
1412 4215 1590 4299 aliorum
