4359 5150
577 434 622 495 22
938 425 1005 489 AN
1011 424 1319 489 NOTATIONES

570 621 753 689 preponere
774 599 825 664 illi
849 598 1037 662 Aristioeem
1065 594 1250 681 qomdemr
1279 594 1459 679 eundemque
1475 590 1681 678 presbyteram

577 706 688 769 diserte
700 702 846 767 eontinet
893 700 1005 783 Qteofit
1018 707 1053 761 ut
1073 719 1148 761 ocra
1165 696 1307 762 oidemm
1320 718 1378 762 esse
1396 697 1538 761 norrmio
1551 695 1680 770 illorum,

576 802 835 892 quiduoseodem
854 798 1156 884 nomioeappellotoe
1176 800 1211 861 in
1233 798 1316 863 Λεία
1337 797 1631 862 oieisssdimot:
1657 804 1684 858 et

577 907 668 994 opud
679 904 833 990 ΕρΙιεειιιη
846 902 907 966 duo
928 922 987 965 esse
1005 900 1154 985 spaera,
1170 910 1197 965 et
1216 910 1374 986 ulnaeque
1393 900 1527 965 Ioannis
1544 899 1685 963 laeam

579 1008 743 1074 nominari.
783 1009 884 1090 Aeon
895 1003 949 1067 ltoo
961 1002 1204 1067 animadvertere
1217 1004 1251 1066 in
1260 1003 1377 1088 primis
1390 1002 1588 1067 neeessariam
1600 1010 1683 1086 pato.

587 1110 756 1176 Verisimile
771 1117 813 1173 eu
827 1107 908 1172 enim
923 1105 1146 1169 Revelutioaem
1163 1104 1253 1168 illurn
1266 1106 1402 1169 Jooom's
1419 1103 1538 1167 nomine
1555 1102 1685 1186 {temp

581 1222 656 1290 tom,
671 1211 700 1275 si
714 1232 773 1274 nou
787 1232 808 1274 a
816 1210 924 1294 priore
939 1207 1003 1281 iao,
1019 1215 1096 1271 eene
1109 1204 1148 1270 ab
1162 1207 1215 1270 loo
1221 1208 1386 1291 poemiae
1399 1205 1614 1290 erbomfuiese.
1643 1205 1685 1268 El

583 1314 710 1399 Papius
730 1312 850 1398 quidem
874 1311 913 1374 de
937 1332 995 1394 quo
1017 1329 1098 1371 amre
1120 1330 1280 1372 sermoreem
1304 1306 1452 1383 memus,
1476 1308 1686 1392 Apostolorum

582 1415 676 1491 dieu,
691 1411 729 1478 ab
749 1414 790 1476 iis
809 1412 863 1496 qui
881 1432 949 1474 eum
962 1411 1117 1495 Apostolis
1131 1412 1244 1475 versati
1257 1411 1399 1493 suerent,
1414 1430 1442 1474 se
1456 1408 1601 1494 accepere
1612 1429 1685 1494 pro

584 1519 706 1581 fitetur:
738 1513 910 1578 Aristiooe's
935 1522 1035 1577 eumn
1063 1523 1090 1576 et
1114 1513 1247 1577 Ioannis
1271 1511 1446 1596 Presbyteri
1467 1512 1636 1576 auditorem
1658 1531 1687 1573 so

583 1617 779 1700 dieitsusbse.
824 1614 931 1678 Multa
945 1624 1022 1678 certe
1036 1636 1104 1699 quse
1121 1612 1160 1678 ab
1180 1615 1221 1679 tie
1239 1613 1358 1678 tradito
1376 1623 1539 1699 occeperat,
1553 1614 1687 1697 ipwmm

584 1718 766 1783 nominatim
788 1716 936 1780 motione
950 1718 1054 1800 sueto,
1078 1716 1113 1779 in
1136 1716 1357 1780 commentariis
1380 1716 1445 1780 aare
1468 1715 1581 1780 retulit.
1636 1715 1688 1779 lta

586 1820 715 1905 quidem
731 1816 908 1893 Eusebius3
931 1818 960 1882 ei
975 1824 1084 1882 autem
1101 1816 1151 1882 hio
1166 1825 1200 1882 et
1214 1824 1291 1882 ante
1305 1816 1464 1903 colligenti
1478 1839 1519 1881 ex
1537 1817 1687 1902 Papianis

584 1922 700 1997 verbis,
720 1921 824 2006 ipsum
847 1920 982 2006 Papiam
1004 1941 1068 1982 non
1089 1919 1187 1983 luisse
1211 1925 1270 1982 τῶν
1293 1921 1406 1983 δώδεκα
1420 1917 1620 2003 discipulum,
1635 1940 1688 2003 op

585 2024 694 2109 posmt
708 2044 776 2086 sese
790 2029 865 2103 post
882 2021 1079 2085 Halloixium
1095 2021 1128 2084 in
1150 2019 1229 2085 Vatis
1241 2023 1375 2084 Petrum
1389 2020 1535 2085 ostentat
1549 2020 1689 2105 aliosque

586 2126 671 2189 viros
694 2125 816 2197 deotos,
838 2123 862 2185 J
863 2144 936 2186 oan.
954 2122 1035 2185 Ern.
1052 2122 1201 2198 Gratius,
1221 2130 1299 2187 tom.
1314 2122 1345 2185 ii.
1369 2121 1530 2208 Spieilepii
1544 2124 1688 2198 Petrum,

588 2249 620 2310 p.
637 2242 688 2305 27.
718 2232 739 2262 “
753 2223 918 2297 Eusebii‚”
943 2223 1046 2306 inquit
1071 2223 1133 2299 ille,
1149 2232 1171 2261 “
1182 2222 1377 2287 auotoritete
1395 2231 1501 2288 motus
1520 2223 1689 2298 Batonius,

589 2324 821 2411 “posthabitis
843 2325 950 2401 Beda,
973 2324 1126 2402 Usuardi‚
1148 2325 1272 2389 Adonis
1289 2327 1344 2389 bro.
1368 2324 1621 2411 Martyrologiis,
1637 2325 1691 2389 ubi

590 2437 611 2466 “
626 2428 746 2513 Papias
766 2449 915 2511 expresse
936 2427 1070 2491 Ioannis
1083 2426 1223 2511 Apostoli
1241 2426 1369 2490 auditor
1383 2426 1485 2491 dietus
1504 2435 1566 2504 est,
1579 2427 1614 2491 in
1636 2450 1691 2492 suo

591 2538 611 2567 “
627 2529 744 2614 posuit,
758 2528 893 2592 Ioannis
908 2528 1052 2592 Sosiam.
1090 2528 1153 2593 Sed
1168 2529 1267 2593 miror
1281 2529 1365 2594 viros
1379 2528 1458 2594 istos
1473 2529 1585 2594 doctos
1595 2530 1692 2595 fidem

590 2641 614 2671 “
628 2634 801 2716 abrogasse
815 2630 946 2707 Irenaeo,
961 2652 982 2694 a
997 2653 1059 2715 quo
1073 2630 1224 2694 Joaonem
1237 2632 1304 2696 sine
1323 2632 1435 2696 addito
1450 2632 1585 2708 dicente,
1602 2633 1691 2717 Apo-

590 2743 613 2773 “
628 2733 745 2797 stolum
757 2731 958 2816 designatum
969 2753 1037 2796 esse
1052 2732 1180 2817 ipsimet
1190 2733 1416 2818 agnoverunt.”
1442 2733 1566 2815 (Verba
1577 2734 1693 2798 lrenaei

592 2838 645 2901 hio
659 2835 807 2920 designat
824 2835 976 2913 Grabius‚
991 2858 1062 2919 quoe
1076 2843 1152 2899 ante
1167 2836 1298 2900 allatum
1316 2835 1449 2921 Papiam
1465 2837 1625 2900 Eusebius
1638 2837 1694 2900 ad·

593 2940 741 3004 duxerat.
771 2934 913 3002 Ἰωάννου
924 2940 980 3017 μὲν
989 2938 1142 3016 ἀκουστὴς,
1158 2938 1359 3019 Πολυκάρπου
1373 2939 1405 3001 δὲ
1422 2940 1536 3019 ἑταῖρος
1550 2940 1694 3019 γεγονὸς,

593 3041 648 3126 qui
673 3039 800 3125 quidem
827 3039 1023 3123 Polyearpus
1046 3038 1203 3103 referente
1228 3038 1434 3122 Hieronymo,
1456 3040 1505 3103 De
1526 3039 1612 3102 Vires
1626 3038 1696 3115 lle„

593 3144 617 3206 J
620 3163 754 3206 oannem
775 3141 941 3226 apostolum
962 3140 1114 3224 audivit.)
1162 3141 1301 3224 “Atqui
1323 3140 1350 3202 is
1373 3141 1505 3203 idoneus
1528 3140 1623 3224 hujus
1650 3140 1696 3204 rei

595 3255 617 3284 ‘⁶
632 3252 704 3309 erat
725 3244 829 3320 testis,
858 3250 971 3327 utpote
999 3243 1106 3327 Papiae
1133 3242 1314 3326 discipulus,
1337 3243 1434 3326 juxta
1462 3243 1697 3327 Hieronymum

596 3355 618 3386 “
636 3346 739 3431 Epist.
753 3366 803 3430 29.
818 3346 860 3409 ad
877 3345 1088 3422 Theodoram,
1105 3366 1143 3408 ao
1166 3344 1299 3428 proinde
1318 3345 1398 3407 bene
1417 3367 1625 3429 gnarusque
1645 3346 1697 3410 hic

595 3458 617 3487 “
633 3450 764 3512 doetore
778 3470 854 3511 usus
869 3447 975 3511 suerit.
1016 3447 1135 3510 Melius
1151 3447 1259 3531 itaque
1275 3446 1489 3530 Hieronymus
1504 3447 1573 3510 looo
1583 3447 1698 3524 citato,

596 3559 616 3590 “
636 3559 682 3628 (et
703 3549 794 3625 alibi)
811 3548 962 3611 Andreas
979 3548 1185 3612 Caesariensis
1204 3548 1236 3610 in
1259 3548 1478 3633 Apocalypsin,
1502 3549 1699 3613 Anastasius

598 3661 618 3688 ‘⁶
634 3651 687 3714 lib.
704 3650 755 3713 vii.
777 3649 810 3712 in
831 3649 1066 3725 Hexabmeron,
1083 3649 1249 3714 Maximus
1263 3650 1379 3734 aliique
1393 3672 1457 3714 una
1471 3672 1541 3714 oum
1556 3649 1700 3715 laudatis

595 3762 618 3792 ‘⁴
636 3750 938 3836 Martyrologiorum
963 3751 1157 3828 auctoribus,
1182 3752 1317 3839 Papiam
1335 3753 1469 3817 Jooonis
1488 3753 1628 3837 Apostoli
1648 3752 1700 3816 vel

595 3863 617 3894 ‘⁶
632 3853 838 3937 Eooopeh'stoe
860 3852 1039 3917 auditorem
1061 3862 1295 3938 nuncuparunt.
1342 3855 1438 3918 Dices
1460 3876 1543 3929 aum,
1564 3853 1623 3929 vel,
1640 3877 1700 3939 pro

598 3966 619 3996 “
634 3955 784 4031 Eusebio,
798 3955 951 4041 majorem
971 3955 1031 4040 ipsi
1051 3955 1174 4041 Papiae,
1193 3979 1288 4040 quam
1305 3958 1441 4032 Irenaeo,
1457 3957 1553 4020 fidem
1576 3955 1699 4019 liaben-

599 4066 620 4096 “
635 4056 709 4120 dam
738 4077 823 4119 esse:
855 4055 943 4120 illum
977 4078 1051 4121 vero
1080 4078 1114 4120 se
1146 4079 1210 4121 non
1241 4058 1402 4143 Apostoli,
1429 4059 1484 4122 sed
1516 4057 1700 4141 Presbyteri

599 4168 619 4197 “
633 4159 658 4222 J
658 4156 770 4222 oannis
790 4156 970 4221 auditorem
984 4157 1110 4222 dixisse.
1142 4157 1196 4223 Ita
1207 4159 1334 4243 quidem
1350 4159 1506 4223 Eusebius
1521 4160 1561 4223 de
1575 4160 1698 4245 l‘apia;

599 4271 619 4300 “
637 4261 694 4325 sed
707 4281 771 4323 non
783 4259 901 4346 Papias
916 4260 956 4322 de
971 4260 1158 4346 semetipso:
1180 4260 1233 4345 qui
1246 4283 1281 4325 se
1293 4284 1349 4325 neo
1360 4262 1511 4325 Ioannem
1523 4261 1702 4345 Apostolum

601 4361 792 4427 “audivisse
812 4369 920 4447 negat,
935 4384 993 4426 nee
1012 4361 1189 4446 Presbyteri
1210 4364 1389 4428 auditorem
1414 4364 1510 4427 fuisse
1534 4363 1628 4448 plane
1653 4363 1700 4428 al·

600 4475 620 4504 “
636 4467 753 4530 firmat.
799 4465 940 4549 Negaase
963 4467 1045 4529 male
1070 4466 1230 4531 eoneludit
1255 4466 1413 4531 Eusebius
1436 4466 1567 4531 existis
1589 4467 1701 4552 Papioe
