4359 5150
542 395 610 465 xiv
928 393 1227 466 PRAEFATIO.

543 608 656 675 terea
686 595 803 690 duos,
833 593 876 672 in
908 621 1031 702 opere
1061 621 1136 673 suo
1169 595 1222 674 de
1243 596 1421 674 Panum
1449 595 1592 676 Orien-

541 728 685 809 talium
723 730 827 809 Vitis
860 728 1022 836 pridem
1052 726 1285 836 collegerat.
1345 728 1452 809 Octo
1483 728 1592 825 istos,

541 865 694 945 additis
715 892 828 945 nunc
852 863 944 945 aliis
963 865 1049 946 fere
1072 865 1232 973 viginti,
1255 863 1344 946 haec
1365 864 1450 945 duo
1478 864 1592 946 volu-

541 1000 655 1080 mina
690 1014 830 1080 nostra
864 1012 1076 1109 praestant.
1137 1000 1274 1081 Ceteri
1310 1028 1452 1081 omnes
1479 1001 1592 1109 apud

541 1162 609 1216 me
640 1135 784 1244 parati,
822 1163 904 1216 una
937 1162 1033 1216 curn
1068 1136 1296 1244 appendice
1329 1136 1591 1243 quorundam

542 1268 837 1378 opusculorum
877 1283 1004 1379 atque
1038 1271 1225 1352 indicum
1260 1272 1592 1367 necessariorum,

542 1405 759 1486 conatibus
785 1406 888 1486 meis
917 1406 950 1485 si
981 1406 1096 1487 Deus
1125 1407 1331 1503 annuerit,
1354 1419 1594 1514 sequentur,

542 1540 706 1622 duobus
726 1542 872 1622 itidem
893 1541 1176 1622 voluminibus
1194 1539 1388 1622 conclusi.

599 1675 659 1755 Et
678 1704 786 1772 vero,
806 1676 885 1756 nisi
912 1704 979 1757 me
1007 1677 1088 1756 mei
1116 1676 1245 1756 animi
1265 1675 1374 1756 fallit
1393 1678 1593 1775 studium,

543 1812 642 1918 ipsae
662 1809 729 1890 hae
752 1812 1064 1920 deperditorum
1085 1825 1252 1920 patrum
1278 1811 1478 1921 reliquiae,
1497 1842 1594 1895 cum

542 1975 594 2027 ex
640 1944 790 2026 ultima
834 1945 1071 2028 Christiana
1117 1947 1368 2055 antiquitate
1407 1947 1595 2030 collecta

542 2082 637 2178 sint,
657 2082 884 2162 commodis
903 2094 1030 2190 atque
1049 2079 1225 2162 utilitati
1250 2081 1430 2163 servient
1455 2080 1591 2163 homi·

542 2244 645 2297 num
662 2214 883 2322 theologiae
899 2244 1065 2323 operam
1081 2214 1285 2311 dantium,
1301 2216 1373 2325 qui
1390 2213 1594 2299 librorum

542 2351 780 2431 divinorum
822 2350 1000 2456 origines
1033 2364 1076 2431 et
1114 2362 1281 2445 statum,
1314 2362 1493 2431 veterem
1535 2352 1598 2460 ip-

542 2514 681 2568 sorum
703 2486 1104 2594 interpretationem,
1128 2515 1224 2567 vera
1243 2516 1290 2567 ac
1310 2498 1511 2597 perpetua
1531 2515 1596 2569 ec-

542 2622 678 2705 clesiae
707 2623 914 2731 dogmata,
944 2620 1067 2702 simul
1097 2635 1141 2703 et
1169 2622 1451 2704 ecclesiasticae
1473 2622 1593 2706 disci·

542 2754 668 2865 plinae
701 2756 887 2850 formam,
921 2755 1080 2836 rituum
1115 2771 1242 2850 ortus,
1281 2785 1427 2866 resque
1458 2772 1596 2866 gestas

543 2905 731 2972 veterum
766 2889 1112 2987 Christianorum,
1140 2894 1267 3001 probe
1296 2904 1438 2973 tenere
1466 2905 1595 3004 atque

542 3024 786 3133 intelligere,
801 3024 864 3105 sui
881 3053 967 3105 esse
982 3027 1167 3106 muneris
1181 3027 1432 3108 existiment.
1469 3027 1594 3109 Certe

542 3162 586 3242 in
612 3160 691 3242 hoc
709 3190 860 3270 genere
881 3159 1095 3244 literarum
1110 3164 1316 3271 egregiam
1340 3162 1439 3244 olim
1463 3192 1592 3245 nava·

541 3298 645 3377 bant
683 3324 848 3405 operam
893 3293 1086 3403 theologi,
1130 3297 1335 3406 praecipue
1379 3311 1594 3381 nostrates.

543 3431 721 3539 Magnos
736 3443 865 3511 testor
883 3431 1001 3525 viros,
1021 3430 1247 3520 Usserium,
1265 3431 1593 3530 Hammondum,

545 3564 824 3660 Pearsonium,
853 3565 939 3673 qui,
958 3577 1009 3643 ut
1036 3563 1137 3645 alios
1170 3593 1193 3646 e
1222 3578 1362 3646 nostra
1390 3581 1516 3674 gente
1547 3569 1590 3649 in

527 3699 686 3780 ⁴eadem
715 3726 840 3779 arena
869 3726 962 3779 cum
993 3699 1147 3806 insigni
1173 3698 1297 3781 laude
1322 3713 1501 3782 versatos
1531 3714 1593 3784 ta-

541 3862 665 3929 ceam,
685 3832 956 3915 ecclesiastica
975 3835 1165 3915 doctrina
1193 3833 1396 3942 reliquam
1415 3834 1590 3942 gloriam

541 3966 872 4050 cumulaverunt.
934 3967 1083 4076 Neque
1117 3970 1169 4049 ab
1200 3969 1311 4050 hisce
1345 3970 1473 4050 musis
1508 3985 1591 4052 tres

541 4100 601 4182 illi
622 4102 754 4183 critici
774 4101 1034 4184 abhorruisse
1055 4103 1260 4198 videntur,
1280 4104 1432 4212 quibus
1457 4132 1591 4185 assur-

540 4267 635 4345 gere
669 4238 773 4320 solet
812 4241 1002 4320 universa
1035 4238 1292 4320 literatorum
1328 4239 1483 4336 cohors,
1518 4242 1590 4323 Jo-
