4359 5150
614 448 658 510 aa
950 447 1192 530 anulauim
1216 450 1387 517 sacam.

615 618 717 687 tione3
739 617 863 675 alterum
878 637 948 675 vero
969 637 986 674 a
1002 617 1121 676 Christo
1137 619 1276 678 traditum
1297 621 1424 692 Patrem,
1440 634 1470 681 et
1488 622 1569 682 bunc
1589 644 1652 683 essa
1665 625 1711 702 qui

614 722 654 781 sit
672 722 708 780 ab
725 740 902 797 unoquoque
918 739 1018 778 eorum
1035 731 1133 779 mente
1147 736 1325 804 conceptus:
1346 747 1404 784 non
1418 728 1630 807 intelligentes,
1645 749 1711 807 quo

614 829 691 886 niam
714 826 957 904 quemadmodum
980 826 1020 883 ibi
1041 826 1222 905 topiariam
1242 852 1347 898 eorum,
1369 831 1418 911 qui
1435 842 1640 910 peccauerunt,
1662 855 1712 892 noa

614 935 683 993 deae
710 933 797 991 aeaut
824 932 907 990 Deua
915 954 930 997 ‚·
952 932 993 990 sic
1018 942 1049 990 et
1071 932 1119 992 bic
1146 936 1261 994 ”vocati
1284 938 1373 1008 malti,
1395 939 1486 1016 pauci
1515 959 1582 997 cero
1606 940 1711 999 electi:

614 1034 858 1114 quemadmodum
874 1036 914 1091 ibi
928 1035 1040 1112 injusti,
1054 1046 1086 1093 et
1100 1036 1269 1105 idololatra,
1283 1051 1315 1098 et
1326 1041 1526 1111 fornicatores,
1542 1043 1635 1102 vitam
1649 1053 1733 1123 per-5

615 1140 753 1198 dideruut
765 1162 774 1209 ;
797 1140 838 1197 sic
862 1152 892 1198 et
914 1140 978 1197 hic:
1002 1151 1032 1198 et
1058 1140 1187 1199 Domino
1210 1143 1328 1219 quidem
1352 1144 1540 1222 praedicante,
1563 1148 1595 1205 in
1618 1149 1712 1225 ignem

615 1256 756 1303 oeternum
771 1245 849 1303 mitti
864 1244 946 1311 tales,
961 1256 991 1304 et
1006 1244 1151 1321 Apostolo
1165 1244 1298 1305 dicente:
1321 1258 1337 1290 ¹
1350 1248 1396 1305 Aa
1416 1249 1566 1324 ipnoratir,
1583 1253 1714 1331 quoniam

614 1350 717 1429 injusti
738 1371 855 1428 regnum
873 1350 933 1408 Dei
953 1372 1008 1409 aaa
1027 1349 1263 1409 hereditabunt?
1303 1352 1401 1412 Nolite
1418 1356 1526 1424 reduci,
1541 1378 1633 1436 aeque
1643 1358 1715 1437 sor·

615 1457 765 1521 nicatoras,
781 1476 868 1532 neque
886 1456 1051 1526 idololatra,
1063 1477 1152 1535 aeque
1166 1457 1400 1540 adulteriumne
1413 1461 1518 1529 molles,
1534 1483 1626 1541 aeque
1639 1484 1715 1521 maa·

614 1562 740 1620 culorum
754 1562 955 1631 concubitum,
971 1562 1165 1641 aequcsurm,
1181 1583 1270 1641 aeque
1283 1564 1377 1631 avari,
1394 1584 1483 1643 aeque
1495 1564 1611 1632 ebriosi,
1627 1586 1718 1646 aeque
1736 1576 1780 1621 10

614 1667 755 1734 rualedici,
777 1688 865 1745 aeque
887 1677 1027 1745 rapturae,
1052 1689 1170 1745 reguum
1194 1669 1253 1728 Da·
1274 1669 1467 1747 possidebunt.
1510 1669 1553 1727 Et
1576 1672 1716 1747 quoniam

614 1789 672 1825 non
693 1769 729 1827 ad
748 1771 864 1847 eosqui
885 1781 966 1829 extra
986 1784 1055 1829 sunt
1076 1772 1133 1829 boc
1153 1772 1234 1839 dicit,
1254 1772 1303 1830 sed
1328 1773 1364 1831 ad
1385 1793 1449 1839 nos,
1468 1793 1504 1831 ne
1526 1774 1717 1851 projiciamur

613 1884 698 1930 extra
711 1894 833 1951 regnum
848 1876 913 1943 Dei,
928 1875 987 1934 tole
1001 1875 1111 1954 aliquid
1129 1887 1291 1955 operantes,
1306 1877 1427 1936 intulit:
1450 1877 1514 1936 tEt
1529 1878 1589 1936 bec
1604 1878 1716 1958 quidem

603 1976 712 2057 fuistis
720 2001 734 2044 ,·
756 1980 808 2037 aed
828 1980 921 2037 adlati
946 1980 1023 2048 estis,
1044 1981 1096 2038 sed
1120 1981 1294 2057 sanctificati
1317 1981 1384 2040 estis
1407 1981 1436 2038 ia
1461 1981 1570 2040 nomiae
1595 1981 1716 2040 Domim

613 2081 685 2141 Jeau
711 2082 831 2149 Christi,
853 2091 880 2140 et
902 2083 931 2140 ia
956 2083 1069 2161 Spiritu
1094 2084 1153 2142 Dei
1176 2087 1276 2142 nostri.
1320 2084 1362 2142 Et
1384 2084 1630 2161 quemadmodum
1655 2085 1715 2143 illic
1748 2098 1772 2138 1

613 2186 888 2253 condemnabantur,
912 2199 942 2245 et
966 2187 1193 2263 projiciebantur
1220 2188 1251 2244 hi
1273 2187 1324 2265 qui
1352 2187 1427 2246 male
1450 2189 1657 2267 operabantur,
1684 2201 1714 2249 et

614 2290 741 2368 reliquos
761 2292 1012 2362 exterminabant,
1035 2291 1169 2350 similiter
1193 2303 1223 2351 et
1245 2293 1293 2351 bic
1314 2291 1415 2352 oculus
1436 2312 1552 2370 quoque
1575 2292 1719 2351 effoditur

614 2396 821 2462 scandalizans,
836 2407 867 2455 et
883 2417 943 2475 pes,
958 2407 989 2456 et
1008 2417 1121 2463 manus,
1137 2416 1173 2454 ne
1189 2396 1333 2473 reliquum
1353 2416 1457 2475 corpus
1475 2396 1584 2475 pariter
1603 2407 1713 2475 pereat.

615 2500 657 2558 Et
667 2501 808 2559 babemus
822 2511 999 2581 preceptum
1013 2525 1019 2560 ι
1043 2512 1058 2543 ¹
1069 2502 1103 2559 Si
1117 2500 1290 2582 quiasrater
1304 2502 1467 2559 nominatur
1469 2499 1649 2579 fornicator,
1664 2510 1714 2559 aut

613 2626 731 2670 avarus,
747 2614 798 2664 aut
821 2606 980 2675 idohlatra,
999 2615 1049 2664 aut
1070 2605 1232 2672 maledicus,
1248 2615 1298 2664 out
1313 2607 1448 2673 ebriacus,
1464 2615 1515 2664 aut
1529 2627 1634 2686 ropac,
1651 2627 1713 2664 cum
1732 2617 1755 2659 2
1765 2613 1781 2641 ⁴

614 2710 775 2787 hujumodi
790 2731 839 2768 nec
853 2711 945 2768 cibum
959 2732 1077 2768 saraae.
1114 2711 1153 2767 Et
1168 2711 1274 2768 iterum
1289 2712 1329 2769 ait
1341 2711 1518 2790 Apostoins:
1535 2711 1652 2770 aNemo
1666 2733 1713 2770 vor

614 2817 730 2872 reducat
750 2814 884 2872 inanibus
903 2814 1018 2879 verbia,·
1038 2824 1157 2892 propter
1174 2816 1232 2873 baec
1253 2815 1325 2873 enim
1348 2816 1421 2873 oeait
1442 2815 1488 2874 ira
1509 2815 1567 2873 Dei
1589 2816 1620 2874 ia
1632 2817 1712 2892 filios

614 2918 784 2995 diffidentia.
827 2918 925 2976 Nolite
938 2938 1006 2996 ergo
1015 2918 1085 2994 fieri
1096 2919 1254 2995 porticipma
1267 2940 1369 2978 eorum.
1412 2919 1454 2977 Et
1468 2919 1712 2996 quemadmodum

614 3023 654 3080 ibi
673 3022 854 3101 peccantium
878 3021 1025 3079 damnatio
1046 3023 1237 3101 participabat
1258 3036 1288 3082 et
1309 3024 1444 3101 reliquos,
1459 3024 1596 3101 quoniam
1616 3024 1710 3103 place·

613 3130 683 3187 bant
706 3131 756 3195 eis,
779 3139 810 3187 et
834 3149 893 3186 una
915 3150 980 3186 cum
1002 3130 1044 3187 eis
1066 3131 1329 3198 conversabantur;
1351 3130 1392 3187 sic
1415 3139 1445 3186 et
1467 3128 1524 3194 bic,
1548 3124 1749 3197 bmodicumts

602 3233 779 3311 fermentum
802 3243 888 3291 totam
909 3255 1032 3291 massam
1056 3234 1219 3311 corrumpit.
1264 3233 1306 3291 Et
1327 3231 1571 3309 quemadmodum
1595 3233 1636 3291 ibi
1661 3232 1710 3291 od-

612 3358 712 3396 versus
727 3339 850 3415 injustos
865 3339 907 3396 ira
921 3338 1115 3397 descendebat
1130 3339 1206 3405 Dei;
1229 3350 1258 3397 et
1272 3338 1320 3395 bic
1334 3337 1467 3395 similiter
1479 3336 1638 3414 Apostolus
1653 3335 1710 3394 ait:

613 3443 824 3501 cRevelabitur
849 3442 922 3499 euim
946 3443 992 3499 ira
1016 3442 1075 3498 Dei
1098 3443 1133 3499 de
1157 3442 1223 3500 carto
1250 3463 1336 3520 super
1360 3463 1466 3500 omuem
1490 3441 1662 3518 impietatem
1686 3449 1711 3499 et

613 3546 785 3624 injustitiam
809 3567 904 3603 eorum
929 3547 1080 3616 caminam,
1107 3548 1157 3627 qai
1181 3546 1325 3604 acritatem
1351 3546 1380 3602 iu
1406 3545 1551 3623 injustitia
1575 3545 1711 3604 detineat.

613 3650 655 3706 Et
676 3649 918 3726 quemadmodum
940 3651 980 3708 ibi
1002 3652 1032 3708 in
1047 3652 1212 3730 AEgyptios,
1227 3650 1277 3728 qui
1299 3649 1407 3727 injuste
1428 3649 1589 3728 puniebant
1610 3650 1756 3719 Israel,30

612 3754 741 3813 vindicta
755 3775 772 3811 a
786 3755 851 3812 Deo
866 3755 970 3821 fiebam
993 3757 1034 3814 sic
1054 3768 1083 3814 et
1102 3756 1157 3824 hic,
1172 3756 1298 3813 Domino
1312 3754 1429 3831 quidem
1447 3753 1580 3812 dicente:
1604 3750 1713 3812 duaa

612 3869 705 3918 autem
721 3859 877 3937 nonfaciet
889 3861 1043 3919 vindictam
1057 3861 1205 3919 electorum
1219 3880 1342 3926 auorum,
1354 3858 1520 3936 quicumque
1534 3857 1660 3915 clamarit
1675 3858 1714 3916 ad

613 3986 674 4022 eum
689 3966 735 4023 dic
749 3974 774 4023 ct
791 3969 896 4024 nocte?
938 3968 1034 4025 Etiam
1052 3968 1116 4025 dico
1134 3966 1221 4031 vobis,
1231 3965 1330 4044 saciet
1347 3964 1500 4022 vindictam
1520 3985 1615 4022 eorum
1634 3963 1712 4031 cito‚·

612 4081 642 4130 et
657 4071 810 4149 Apostolo,
825 4072 856 4129 in
875 4093 908 4130 ea
923 4092 987 4150 quae
1006 4084 1050 4132 est
1069 4074 1106 4131 ad
1122 4071 1392 4130 Thessalonicenses
1410 4068 1544 4148 epistola,
1560 4069 1616 4126 ista
1637 4090 1712 4149 prae.

613 4176 745 4235 dicante:
771 4178 832 4235 eSi
856 4178 968 4256 quidem
984 4181 1099 4255 justum
1123 4186 1163 4235 est
1187 4177 1265 4253 opud
1287 4177 1382 4233 Deum
1407 4174 1564 4232 retribuere
1590 4174 1759 4244 ratribu.35

710 4365 725 4393 u
745 4354 806 4402 Mat
819 4371 860 4401 11.
875 4353 912 4401 16.
1011 4366 1023 4388 ¹
1044 4371 1052 4402 1
1068 4356 1124 4403 Cor.
1137 4355 1169 4401 vi.
1181 4369 1205 4416 9,
1219 4368 1254 4401 ιο.
1354 4363 1369 4401 r
1388 4351 1447 4399 tbid.
1462 4365 1498 4398 11.

708 4445 721 4473 2
742 4449 750 4481 1
766 4435 904 4482 Cor.v.11.
1012 4445 1027 4474 ⁸
1044 4435 1132 4497 epha.
1146 4452 1169 4481 v.
1182 4435 1205 4494 6,
1219 4446 1238 4495 7.
1353 4432 1364 4464 ¹¹
1385 4447 1393 4478 ι
1409 4433 1464 4480 Gor.
1477 4448 1501 4478 v.
1515 4429 1538 4478 6.

709 4526 721 4553 ⁰
740 4515 810 4563 Rom.
823 4515 839 4560 i.
850 4514 886 4563 18.
1010 4517 1024 4555 d
1043 4515 1103 4563 liuc.
1115 4515 1164 4561 viii.
1180 4527 1202 4575 7,
1216 4516 1238 4561 8.
1352 4524 1365 4552 t
1384 4528 1395 4560 2
1411 4512 1496 4561 Thess.
1508 4513 1524 4559 i.
1538 4511 1561 4561 6.
1571 4530 1637 4577 seqq.
