4359 5150
541 474 607 535 402
917 465 1272 533 ANNOTATIONES
1310 515 1313 520 -

542 651 561 679 “
576 638 746 704 momentis
759 636 845 701 hund
867 637 1062 722 spernendis,
1078 634 1230 701 Proolum
1249 636 1335 700 huno
1353 656 1374 699 e
1393 633 1529 699 ducibus
1549 638 1630 697 seete

542 753 563 781 “
580 738 829 813 lloutsuistieae,
844 740 992 803 (ir-tecum
1008 739 1144 803 Asiuten
1165 738 1263 803 luisse
1278 743 1407 823 urguet.
1454 736 1568 801 Goeoe
1585 735 1633 799 its

540 851 565 883 “
581 866 643 927 que
657 862 730 906 cum
747 840 876 904 homine
898 842 1015 904 Graeeo
1035 840 1133 905 (isius
1154 840 1336 905 contulerit.
1383 839 1544 904 Attamen
1565 837 1634 921 frag·

540 952 563 982 “
577 952 721 1008 mentum
735 948 879 1005 nostrum
897 941 1021 1005 Latinae
1037 941 1146 1026 potius
1160 941 1291 1026 originis
1305 940 1425 1025 stylum
1447 940 1544 1025 sepit.
1588 937 1635 1002 (lui

541 1045 706 1129 “quidem
724 1041 905 1106 difficultati
924 1064 964 1106 ca
983 1042 1183 1107 solummodo
1200 1043 1326 1108 ratione
1339 1041 1530 1118 occurreris,
1544 1041 1571 1104 si
1587 1039 1636 1103 ln

541 1155 564 1184 “
578 1144 708 1211 tinitste
722 1142 806 1206 sslieo
820 1142 973 1207 donstm
989 1142 1073 1208 haue
1093 1143 1354 1229 disputetienem‚
1370 1150 1429 1208 aut
1449 1144 1494 1208 ab
1514 1143 1637 1228 ipsomet

542 1256 564 1287 “
580 1247 661 1311 Caio
673 1247 706 1310 in
716 1246 935 1309 Romanorum
948 1245 1088 1330 gratiam
1101 1245 1216 1310 Latine
1230 1245 1323 1310 simul
1338 1245 1462 1309 dixeris
1472 1252 1637 1309 exaratum.

543 1359 564 1387 “
578 1351 658 1431 Qnoe
679 1356 817 1431 utruque
837 1347 981 1431 profecte
1003 1347 1187 1433 eonjecturn
1206 1369 1229 1411 a
1250 1346 1388 1411 veritate
1413 1346 1506 1411 haud
1529 1338 1638 1409 wenna

544 1459 565 1488 ‘³
580 1457 640 1513 est.
684 1448 737 1512 Sic
751 1448 835 1511 euim
855 1446 1005 1532 pleraque
1026 1450 1058 1512 S.
1075 1447 1190 1513 Ireuoei
1204 1469 1303 1534 opere
1321 1447 1354 1510 in
1371 1446 1494 1512 Istius
1508 1445 1637 1511 versione

544 1559 564 1587 “
577 1549 808 1634 antiquissim
817 1569 876 1611 uec
887 1570 951 1611 uon
964 1549 1029 1613 ulis
1041 1549 1167 1635 genens
1179 1549 1277 1634 hujus
1286 1548 1526 1634 quamplurium
1539 1548 1581 1611 ed
1591 1565 1637 1609 nos

544 1660 564 1690 “
579 1673 678 1736 usque
695 1651 899 1736 perreuere.”
943 1652 1026 1715 Hoeo
1041 1650 1250 1715 Freiuduller.
1295 1650 1429 1715 Interes
1448 1671 1510 1735 ege
1530 1670 1571 1713 ex
1584 1667 1638 1711 res

454 1767 457 1770 ’
544 1751 631 1836 ligiis
656 1751 736 1814 satis
764 1749 859 1813 cleris
887 1750 1134 1834 deprehendisse
1158 1752 1236 1815 mihi
1261 1752 1372 1815 videor
1396 1744 1637 1831 hominemque

545 1851 659 1916 Graeee
680 1851 853 1935 scripserit,
876 1851 988 1916 mbter
1008 1852 1078 1917 baee
1101 1853 1223 1918 Latina
1241 1853 1339 1917 verbs
1359 1852 1532 1928 latentem,
1546 1873 1585 1915 eo
1603 1849 1638 1913 iu

544 1953 628 2017 dicio
642 1954 727 2037 quod
742 1954 853 2016 eadem
868 1953 916 2017 ite
928 1955 1128 2038 graecisseut,
1142 1962 1180 2019 ut
1199 1954 1298 2018 etiem
1319 1976 1360 2017 ex
1377 1953 1435 2017 ills
1453 1953 1565 2038 lingue
1581 1950 1638 2015 red·

545 2054 615 2119 dite
636 2076 705 2118 esse
726 2054 905 2118 rideantur.
951 2055 1033 2119 Dein
1055 2056 1262 2120 Freinduller.
1278 2059 1304 2135 5.
1326 2075 1335 2117 r
1340 2073 1373 2138 3.
1391 2061 1567 2139 postquam
1586 2074 1639 2116 mo

443 2212 449 2224 .
546 2155 616 2220 nuit
630 2155 663 2219 in
677 2161 703 2235 ς
718 2156 759 2219 xi.
776 2156 892 2220 Caium
906 2156 991 2220 hune
1007 2157 1280 2221 consentientibus
1294 2156 1422 2220 Valesio
1442 2163 1479 2219 et
1494 2154 1640 2219 Ruinarte

545 2278 618 2320 oum
640 2278 720 2332 esse,
741 2257 784 2320 de
813 2259 941 2341 quood
963 2259 1082 2322 calcem
1104 2260 1248 2322 Actorum
1270 2259 1306 2322 Β.
1319 2256 1495 2342 Polymrpi
1516 2256 1642 2342 legetur,

550 2360 629 2421 dcto
641 2357 705 2421 lose
720 2359 818 2422 Cuius
831 2359 991 2444 dempsit
1004 2382 1020 2425 o
1034 2360 1250 2444 mmm
1264 2359 1383 2422 Irenni
1398 2357 1574 2443 Polycarpi
1590 2358 1641 2421 dt

546 2458 652 2543 cipuli,
677 2460 728 2522 cui
753 2481 868 2523 eooeour
883 2461 977 2543 fuit:
1009 2467 1108 2545 utque
1131 2460 1249 2524 idcirco
1270 2480 1335 2523 nen
1355 2460 1553 2524 credendum
1573 2481 1640 2535 esse,

547 2560 649 2624 virum
662 2582 734 2624 cum
750 2561 875 2626 Ireuaee
891 2562 947 2626 diu
961 2569 1122 2627 versutum
1137 2559 1353 2647 Apocalypsin
1364 2562 1388 2624 J
1389 2560 1505 2626 cunum
1515 2559 1642 2647 apostoli

548 2663 792 2746 contempsisse3
815 2664 918 2748 pergit
933 2663 1002 2727 haec
1017 2663 1164 2726 scribere.
1207 2671 1226 2699 ·‘
1243 2663 1335 2743 Quod
1350 2662 1377 2724 si
1393 2668 1592 2737 momente‚'’
1606 2665 1641 2725 iu

548 2765 652 2845 “quit
678 2765 738 2838 ille,
764 2775 781 2800 “
799 2773 1016 2848 suppeterent,
1039 2766 1122 2826 unde
1150 2765 1250 2826 securi
1277 2764 1465 2838 videremur,
1493 2767 1642 2848 pertinere

549 2875 568 2899 ‘⁸
584 2866 642 2926 hec
669 2866 882 2948 fragmentum
908 2868 949 2928 ad
977 2868 1111 2929 eandem
1137 2890 1208 2928 cum
1237 2867 1349 2928 Proclo
1377 2867 1641 2950 Disputatiouem

547 2977 566 3001 “
584 2967 666 3027 umle
687 2988 776 3027 sarram
798 2975 962 3029 nnrtuatus
982 2979 1032 3030 est
1049 2968 1215 3038 Eusebius,
1233 2967 1381 3050 quodque
1404 2967 1473 3030 caii
1496 2991 1566 3031 csse
1588 2988 1641 3030 non

549 3078 567 3102 “
584 3067 760 3139 dubitatur,
775 3074 844 3128 tum
867 3071 1010 3150 prolecto
1032 3069 1080 3130 lue
1097 3077 1213 3131 nestrae
1229 3090 1287 3151 pro
1306 3069 1417 3130 eedem
1434 3069 1581 3131 vindiciae
1599 3091 1640 3130 us·

549 3178 566 3204 “
583 3191 643 3251 qne
659 3169 699 3229 ad
716 3168 912 3251 exploratam
928 3170 1055 3253 penitus
1070 3177 1273 3253 assurgerent
1292 3170 1528 3231 certitudinem.
1577 3170 1638 3232 Me·

548 3279 567 3304 “
583 3276 725 3331 meratus
748 3271 874 3351 quidem
897 3271 1030 3354 ipsemet
1053 3272 1122 3333 loco
1144 3272 1243 3333 citato
1268 3270 1468 3333 Muratcrius
1491 3271 1640 3334 faventem

547 3382 568 3407 “
584 3372 742 3453 «piandum
758 3372 830 3434 huic
846 3373 1012 3435 sententiae
1029 3373 1185 3435 rationem
1196 3373 1264 3454 jum
1280 3372 1421 3454 protulit,
1439 3373 1516 3433 dum
1534 3395 1573 3434 ex
1594 3373 1641 3433 im-

548 3484 566 3507 “
583 3473 713 3555 pudenti
737 3473 988 3535 adversariorum
1012 3473 1043 3533 in
1067 3473 1280 3556 supponendis
1302 3472 1389 3534 novis
1411 3473 1580 3556 scripturis
1601 3483 1640 3534 te·

546 3582 567 3608 “
582 3573 730 3634 meritate
745 3595 854 3635 ansam
870 3574 1039 3656 arripuisse
1054 3574 1175 3647 Guium,
1191 3572 1331 3654 conjicit,
1342 3573 1381 3634 de
1397 3572 1554 3634 librorum
1567 3573 1595 3634 N
1598 3572 1640 3634 .F.

546 3685 565 3709 ‘⁴
584 3696 712 3746 canorae,
729 3675 811 3757 quod
827 3675 858 3735 in
880 3676 1058 3757 fragmento
1078 3674 1126 3747 fit,
1142 3674 1267 3754 agendi.
1313 3672 1371 3736 Cui
1394 3674 1640 3735 commodissime

547 3774 614 3834 “id
637 3796 761 3856 quoque
783 3775 879 3856 adjici
902 3775 1029 3857 peterit,
1054 3774 1102 3836 vel
1126 3774 1156 3834 in
1182 3774 1358 3858 fragmento
1384 3773 1463 3856 ipso,
1486 3774 1640 3856 quoddam

548 3884 566 3910 “
583 3884 751 3938 contextus
766 3899 835 3938 eum
849 3877 1063 3959 disputatione
1074 3877 1211 3959 quadum
1224 3876 1355 3937 iudicari
1367 3876 1549 3959 vestigium,
1563 3874 1639 3958 quod

548 3985 566 4010 “
581 3978 753 4039 acutissimi
763 3979 818 4038 viri
836 3979 980 4061 effugisse
995 3980 1102 4040 oculos
1117 3979 1260 4061 profecto
1272 3978 1451 4040 mirandum
1464 3986 1524 4039 est.
1563 3978 1640 4038 Auc-

548 4086 567 4113 “
584 4086 634 4140 tor
648 4078 794 4139 nimirum
811 4080 896 4141 laetu
911 4081 950 4142 de
966 4081 1100 4162 epistola
1117 4080 1208 4141 Pauli
1224 4080 1265 4141 ud
1277 4080 1438 4141 Romanos
1454 4079 1586 4161 ejusque
1597 4100 1640 4140 ar·

547 4189 568 4215 ‘⁶
584 4189 734 4261 gumento
749 4182 919 4253 mentione,
936 4182 1031 4243 verbu
1051 4181 1118 4243 lraec
1141 4180 1299 4242 subdidit:
1324 4182 1373 4242 De
1390 4179 1498 4262 quidus
1517 4179 1641 4262 sa'noulis

547 4288 566 4313 “
582 4291 778 4342 accrescendo
797 4280 877 4342 nodis
897 4282 1060 4363 dispecturi.
1107 4282 1186 4344 Cum
1208 4288 1363 4363 praetereu
1383 4280 1493 4341 nullibi
1515 4288 1638 4342 (setene-

546 4390 565 4417 “
583 4382 657 4464 quin
674 4383 704 4442 in
721 4383 888 4463 fragrarenti
906 4385 998 4465 hujus
1014 4384 1138 4465 integro
1153 4392 1340 4466 argumento
1356 4382 1520 4464 quidpiam
1540 4404 1640 4445 eccur-

546 4493 565 4517 “
583 4495 630 4544 rat
656 4484 861 4564 ‹lisputaticni
888 4485 943 4547 tali
968 4486 1140 4559 dissonum,
1156 4485 1251 4547 iurare
1274 4485 1419 4546 inmersa
1442 4487 1551 4567 potius
1574 4507 1638 4548 cerr·
