4359 5150
843 686 1440 782 ANNOTATIONES

757 947 811 1029 IN
844 948 1144 1031 HEGESIPPI
1172 948 1523 1032 FRAGMENTA.

992 1197 1276 1224 *-

633 1375 669 1437 P.
684 1390 756 1456 207.
769 1375 789 1437 l.
803 1378 834 1438 6.
845 1376 1146 1440 Gouuunrnmonuu
1162 1399 1289 1439 neruum
1305 1375 1509 1457 Recensum]
1527 1375 1568 1436 ln
1582 1372 1638 1436 lib.
1651 1371 1690 1435 ir.

588 1474 672 1538 Hire.
685 1498 750 1538 suae
764 1475 921 1540 Eusebius
933 1478 973 1540 de
986 1476 1161 1564 Hegesippi
1171 1477 1375 1541 celeberrimo
1386 1498 1481 1560 opere
1492 1475 1562 1538 haeo
1572 1473 1691 1559 posuit:

590 1577 624 1639 ἓν
638 1578 728 1639 πέντε
743 1581 776 1640 δὲ
796 1580 849 1642 οὖν
871 1579 1102 1660 συγγράμμασιν
1122 1579 1210 1646 οὗτος
1229 1580 1283 1657 τὴν
1306 1581 1426 1656 ἀπλανῆ
1449 1577 1618 1657 παράδοσιν
1641 1583 1692 1640 τοῦ

467 1686 470 1689 ’
588 1676 808 1741 Ἀποστολικοῦ
824 1682 1008 1760 κηρύγματος
1022 1681 1215 1760 ἁπλουστάτη
1230 1681 1368 1759 συντάξει
1387 1685 1504 1762 γραφῆς
1521 1682 1692 1758 ὑπομνημα-

588 1777 757 1856 τισάμενος,
771 1782 905 1864 trecop.
919 1800 969 1844 22.
1008 1782 1166 1858 Quoniam
1175 1804 1249 1845 vero
1258 1782 1408 1845 historias
1419 1780 1492 1843 inde
1503 1780 1618 1844 attulit
1629 1779 1692 1842 Eu·

589 1881 704 1957 sebius,
712 1882 763 1945 hie
772 1890 806 1946 et
817 1882 890 1957 illio,
902 1883 949 1946 uti
960 1883 1083 1946 oooasio
1091 1883 1288 1967 postulabat,
1297 1884 1423 1946 easdem
1435 1897 1495 1965 ego
1504 1881 1536 1943 in
1548 1880 1692 1944 ordinem

590 1981 744 2067 redigere,
760 1992 856 2068 prout
872 1985 932 2047 illae
947 1984 979 2046 in
995 1986 1063 2069 ipso
1079 1983 1253 2069 Hegesippi
1269 2006 1365 2068 opere
1385 1983 1445 2046 sibi
1467 1982 1602 2045 invioem
1623 2002 1692 2044 suo·

588 2086 719 2147 oessisse
734 2085 891 2162 videntur,
902 2093 1036 2149 conatus
1050 2109 1130 2149 sum.
1163 2088 1279 2171 Itaque
1295 2086 1446 2149 lectorem
1461 2106 1592 2147 monere
1601 2104 1693 2168 opor-

590 2184 682 2260 tebit,
699 2186 800 2269 primo
819 2185 888 2248 loeo
911 2186 1099 2250 collocatum
1122 2209 1191 2250 esse
1214 2187 1428 2272 fragmentum
1451 2187 1491 2250 de
1515 2186 1612 2249 seetis
1634 2184 1693 2247 Ju-

590 2285 699 2362 daieis,
710 2287 784 2369 quia
799 2287 973 2371 praeivisset
985 2286 1126 2351 historiae
1142 2288 1182 2350 de
1196 2295 1300 2351 morte
1315 2287 1340 2350 J
1341 2287 1442 2363 aoobi,
1453 2287 1539 2370 quod
1554 2286 1694 2369 probant

592 2408 663 2469 quae
678 2386 711 2449 in
725 2388 859 2451 historia
874 2388 1023 2451 dicuntur
1036 2409 1067 2472 p.
1085 2408 1158 2469 209.
1173 2388 1193 2450 l.
1209 2409 1240 2471 5.
1283 2389 1386 2451 Porro
1401 2389 1546 2472 proximo
1561 2389 1633 2451 loeo
1649 2387 1693 2451 al-

592 2494 697 2550 terum
708 2487 921 2571 fragmentum
933 2488 1005 2551 ideo
1016 2489 1175 2572 adjectum
1192 2497 1252 2565 est,
1262 2490 1347 2573 quod
1361 2489 1502 2554 haeretiei
1516 2489 1560 2552 ibi
1576 2510 1693 2553 memo-

590 2590 654 2653 rati
676 2613 716 2653 ex
738 2592 897 2654 sententia
913 2590 1049 2652 virorum
1071 2590 1324 2654 doctissimorum
1340 2591 1471 2667 Valeeii,
1488 2590 1589 2669 Gavii,
1608 2591 1694 2654 Dod-

591 2690 679 2766 welli‚
692 2713 754 2753 non
767 2691 949 2763 Christiani,
961 2692 1016 2753 sod
1031 2690 1055 2752 J
1057 2691 1138 2752 udaei
1151 2691 1298 2753 videntur
1313 2692 1427 2766 suisse3
1445 2692 1476 2754 id
1493 2693 1578 2775 quod
1590 2693 1693 2754 verbis

594 2791 668 2875 ipsis
689 2792 838 2854 innuitur.
878 2794 995 2865 liddae,
1010 2793 1095 2875 quod
1111 2802 1206 2855 sectae
1222 2792 1367 2857 Judaieae
1389 2795 1471 2856 infra
1491 2794 1695 2878 appellantur

592 2894 634 2955 ab
648 2894 829 2976 Hegesippo
842 2895 962 2956 hareses
974 2905 1095 2975 septem
1107 2895 1192 2975 apud
1203 2895 1363 2977 populum.
1389 2896 1517 2979 Alioqui
1529 2897 1609 2959 satis
1618 2905 1694 2979 apte

593 2992 696 3055 altera
710 2994 778 3054 hmo
794 2997 876 3072 ῥῆσις
891 2993 977 3076 sequi
994 2992 1155 3054 videretur
1170 2992 1254 3054 illam
1271 2994 1310 3054 de
1325 2993 1514 3057 Christianis
1537 2994 1634 3056 saetis
1655 3016 1694 3055 ex

596 3094 781 3176 Hegesippo
812 3094 843 3153 in
874 3094 983 3154 eodem
1014 3094 1073 3154 hoe
1101 3094 1205 3174 eapite
1227 3093 1366 3155 allatam.
1416 3093 1486 3155 Vid.
1518 3116 1591 3177 pag.
1622 3113 1694 3177 215.

568 3276 570 3281 ,
592 3197 696 3258 Immo
715 3196 854 3257 nonnihil
875 3198 1009 3259 fortasse
1024 3197 1229 3271 difficultatis,
1246 3198 1293 3259 vel
1310 3197 1540 3271 inconstantiae,
1558 3203 1592 3258 ot
1608 3196 1693 3259 istud

593 3297 699 3370 habet,
716 3298 799 3379 quod
821 3306 969 3358 extarent
990 3319 1027 3358 ex
1050 3320 1179 3359 numero
1199 3297 1323 3359 illorum
1344 3297 1576 3371 haeretieorum,
1592 3298 1647 3380 qui
1663 3297 1694 3358 in

591 3400 687 3482 priori
709 3400 793 3476 ῥήσει
809 3398 904 3460 tribui
920 3398 944 3460 J
946 3400 1015 3460 udae
1031 3399 1142 3461 infensi
1158 3399 1317 3473 dicuntur,
1332 3398 1474 3460 homines
1495 3420 1535 3460 ex
1555 3398 1625 3482 ipsa
1640 3399 1693 3462 illa

593 3500 679 3562 tribu
695 3500 828 3562 oriundi.

640 3601 721 3662 lbid.
742 3600 762 3661 l.
780 3600 927 3678 7.Ἧσαν
953 3603 984 3662 δὲ
1003 3602 1132 3683 γνῶμαι]
1160 3600 1322 3662 Praemisit
1347 3599 1594 3675 EusebluS‚'Ert
1621 3603 1653 3662 δὲ
1679 3603 1694 3662 ὁ

596 3707 683 3772 αὐτὸς
705 3707 937 3790 (Hegesippus)
958 3708 1005 3767 καὶ
1030 3710 1082 3771 τὰς
1106 3705 1200 3767 πάλαι
1224 3706 1425 3786 γεγενημένας
1448 3708 1528 3784 παρὰ
1542 3703 1696 3772 Ἰουδαίοις

596 3808 725 3887 αἱρέσεις
741 3810 854 3886 ἱστορεῖ
867 3808 974 3886 λέγων·
994 3805 1123 3868 ἨΣΑΝ
1146 3809 1178 3868 δὲ
1203 3813 1317 3886 γνῶμαι
1343 3807 1398 3866 &a
1445 3806 1532 3867 Idem
1542 3817 1696 3889 praterea

592 3910 721 3991 ςσνῑρίον
747 3918 839 3969 sectas
865 3908 936 3969 illas
961 3931 1028 3990 pam
1057 3909 1207 3991 ιμιοπιίσιιι
1236 3908 1322 3990 apud
1345 3907 1471 3968 Jadoeos
1500 3907 1696 3969 invaluerant

594 4020 719 4071 recenset
734 4009 780 4071 liis
795 4009 899 4071 vertis.
934 4010 1100 4083 ERANT,
1117 4010 1226 4091 inquil,
1244 4008 1374 4069 ‹liversae
1391 4014 1485 4069 seotae
1503 4008 1558 4068 &e
1591 4005 1695 4070 Ἦσαν

596 4114 628 4172 δὲ
645 4113 692 4172 καὶ
707 4136 755 4189 γυ.
773 4111 890 4172 habere
906 4111 1118 4193 direptorem,
1136 4117 1228 4171 notat
1245 4108 1416 4171 Strothius.

642 4212 724 4274 Ibid.
755 4214 787 4274 ἓν
811 4215 884 4276 υἱοῖς
908 4212 1032 4290 Ἰσραὴλ
1059 4219 1117 4273 τῶν
1145 4215 1217 4273 κατὰ
1248 4215 1295 4287 τῆς
1323 4216 1420 4289 φυλῆς
1443 4209 1542 4271 ’ἰούδα
1568 4212 1615 4272 καὶ
1645 4215 1695 4272 τοῦ

598 4315 741 4394 Χριστοῦ]
762 4312 799 4374 ln
815 4314 921 4375 codiee
939 4315 1023 4374 Mar.
1041 4313 1129 4374 Med.
1143 4322 1175 4375 et
1193 4310 1439 4394 Fuk.scriptu1n
1456 4310 1560 4373 inveni
1577 4314 1610 4374 ἐν
1626 4315 1696 4376 υἱοῖς

595 4412 728 4493 Ἰσραήλ·
746 4415 763 4491 ἡ
781 4420 839 4476 τῶν
861 4418 933 4476 κατὰ
953 4418 1003 4488 τῆς
1024 4419 1121 4493 φυλῆς
1135 4413 1242 4486 Ἰούδα,
1263 4415 1320 4476 διο.
1338 4412 1422 4496 quod
1445 4411 1520 4496 quid
1542 4412 1602 4475 eibi
1622 4411 1695 4476 velit
