<?xml version="1.0" encoding="UTF-8"?>
<!DOCTYPE html PUBLIC "-//W3C//DTD XHTML 1.0 Transitional//EN"
    "http://www.w3.org/TR/xhtml1/DTD/xhtml1-transitional.dtd">
<html xmlns="http://www.w3.org/1999/xhtml" xml:lang="en" lang="en">
 <head>
  <title>
</title>
<meta http-equiv="Content-Type" content="text/html;charset=utf-8" />
  <meta name='ocr-system' content='tesseract 3.04.00' />
  <meta name='ocr-capabilities' content='ocr_page ocr_carea ocr_par ocr_line ocrx_word'/>
</head>
<body>
  <div class='ocr_page' id='page_1' title='image "./reliquiaesacrae04routgoog_0064.png"; bbox 0 0 4359 5150; ppageno 0'>
   <div class='ocr_carea' id='block_1_1' title="bbox 600 443 1363 524">
    <p class='ocr_par' dir='ltr' id='par_1_1' title="bbox 600 443 1363 524">
     <span class='ocr_line' id='line_1_1' title="bbox 600 443 1363 524; baseline 0 -17"><span class='ocrx_word' id='word_1_1' title='bbox 600 446 643 507; x_wconf 79' lang='lat'><strong>12</strong></span> <span class='ocrx_word' id='word_1_2' title='bbox 933 443 1169 524; x_wconf 76' lang='lat' dir='ltr'><strong>RELIQUIAE</strong></span> <span class='ocrx_word' id='word_1_3' title='bbox 1194 443 1363 509; x_wconf 76' lang='lat' dir='ltr'><strong>sAoRAE.</strong></span> 
     </span>
    </p>
   </div>
   <div class='ocr_carea' id='block_1_2' title="bbox 1117 708 1186 779">
    <p class='ocr_par' dir='ltr' id='par_1_2' title="bbox 1117 708 1186 779">
     <span class='ocr_line' id='line_1_2' title="bbox 1117 708 1186 779; baseline -0.043 0"><span class='ocrx_word' id='word_1_4' title='bbox 1117 708 1186 779; x_wconf 92' lang='lat' dir='ltr'><strong>VI.</strong></span> 
     </span>
    </p>
   </div>
   <div class='ocr_carea' id='block_1_3' title="bbox 598 868 1746 3062">
    <p class='ocr_par' dir='ltr' id='par_1_3' title="bbox 751 868 1547 955">
     <span class='ocr_line' id='line_1_3' title="bbox 751 868 1547 955; baseline -0.001 -19"><span class='ocrx_word' id='word_1_5' title='bbox 751 872 810 936; x_wconf 74' lang='lat' dir='ltr'><strong>Es</strong></span> <span class='ocrx_word' id='word_1_6' title='bbox 824 876 943 935; x_wconf 72' lang='lat' dir='ltr'><strong>inemo</strong></span> <span class='ocrx_word' id='word_1_7' title='bbox 959 870 1049 948; x_wconf 81' lang='lat' dir='ltr'><strong>libro,</strong></span> <span class='ocrx_word' id='word_1_8' title='bbox 1064 873 1132 933; x_wconf 83' lang='lat' dir='ltr'><strong>sive</strong></span> <span class='ocrx_word' id='word_1_9' title='bbox 1147 871 1251 948; x_wconf 71' lang='lat' dir='ltr'><strong>libris,</strong></span> <span class='ocrx_word' id='word_1_10' title='bbox 1266 868 1406 954; x_wconf 73' lang='grc' dir='ltr'>ηὐτόευι</span> <span class='ocrx_word' id='word_1_11' title='bbox 1423 872 1547 955; x_wconf 68' lang='lat' dir='ltr'><strong>Operis.</strong></span> 
     </span>
    </p>

    <p class='ocr_par' dir='ltr' id='par_1_4' title="bbox 598 987 1746 3062">
     <span class='ocr_line' id='line_1_4' title="bbox 646 987 1699 1080; baseline 0 -21"><span class='ocrx_word' id='word_1_12' title='bbox 646 997 706 1060; x_wconf 82' lang='lat' dir='ltr'><strong>Kal</strong></span> <span class='ocrx_word' id='word_1_13' title='bbox 721 999 738 1059; x_wconf 88' lang='lat' dir='ltr'><strong>d</strong></span> <span class='ocrx_word' id='word_1_14' title='bbox 754 1001 807 1061; x_wconf 82' lang='grc' dir='ltr'><strong>νῦν</strong></span> <span class='ocrx_word' id='word_1_15' title='bbox 822 999 855 1060; x_wconf 64' lang='grc' dir='ltr'><strong>δὲ</strong></span> <span class='ocrx_word' id='word_1_16' title='bbox 869 998 938 1076; x_wconf 80' lang='grc' dir='ltr'>ἡμῖν</span> <span class='ocrx_word' id='word_1_17' title='bbox 952 998 1135 1076; x_wconf 82' lang='grc' dir='ltr'>δηλούμενος</span> <span class='ocrx_word' id='word_1_18' title='bbox 1145 998 1277 1075; x_wconf 80' lang='grc' dir='ltr'>Παπίας,</span> <span class='ocrx_word' id='word_1_19' title='bbox 1300 987 1409 1080; x_wconf 85' lang='lat' dir='ltr'><strong>(inquit</strong></span> <span class='ocrx_word' id='word_1_20' title='bbox 1429 1002 1578 1062; x_wconf 72' lang='lat' dir='ltr'>Eusebius</span> <span class='ocrx_word' id='word_1_21' title='bbox 1590 1002 1642 1062; x_wconf 92' lang='lat' dir='ltr'><strong>lib.</strong></span> <span class='ocrx_word' id='word_1_22' title='bbox 1657 1003 1699 1061; x_wconf 89' lang='lat' dir='ltr'><strong>iii.</strong></span> 
     </span>
     <span class='ocr_line' id='line_1_5' title="bbox 601 1114 1699 1199; baseline 0 -21"><span class='ocrx_word' id='word_1_23' title='bbox 601 1118 683 1179; x_wconf 68' lang='lat' dir='ltr'><strong>Hos.</strong></span> <span class='ocrx_word' id='word_1_24' title='bbox 698 1121 781 1181; x_wconf 83' lang='lat' dir='ltr'><strong>Eccl.</strong></span> <span class='ocrx_word' id='word_1_25' title='bbox 795 1141 857 1199; x_wconf 89' lang='lat' dir='ltr'><strong>oap.</strong></span> <span class='ocrx_word' id='word_1_26' title='bbox 872 1120 941 1187; x_wconf 88' lang='lat' dir='ltr'><strong>ult.)</strong></span> <span class='ocrx_word' id='word_1_27' title='bbox 964 1114 1033 1180; x_wconf 79' lang='grc' dir='ltr'>τοὺς</span> <span class='ocrx_word' id='word_1_28' title='bbox 1053 1116 1110 1193; x_wconf 77' lang='grc' dir='ltr'><strong>μὲν</strong></span> <span class='ocrx_word' id='word_1_29' title='bbox 1128 1120 1188 1178; x_wconf 86' lang='grc' dir='ltr'><strong>τῶν</strong></span> <span class='ocrx_word' id='word_1_30' title='bbox 1208 1116 1386 1178; x_wconf 80' lang='grc' dir='ltr'>ἀποστόλων</span> <span class='ocrx_word' id='word_1_31' title='bbox 1407 1115 1517 1197; x_wconf 77' lang='grc' dir='ltr'>λόγους</span> <span class='ocrx_word' id='word_1_32' title='bbox 1537 1117 1620 1196; x_wconf 70' lang='grc' dir='ltr'>παρὰ</span> <span class='ocrx_word' id='word_1_33' title='bbox 1640 1121 1699 1178; x_wconf 72' lang='grc' dir='ltr'><strong>τῶν</strong></span> 
     </span>
     <span class='ocr_line' id='line_1_6' title="bbox 599 1230 1722 1315; baseline 0.001 -21"><span class='ocrx_word' id='word_1_34' title='bbox 599 1231 699 1300; x_wconf 75' lang='grc' dir='ltr'>αὐτοῖς</span> <span class='ocrx_word' id='word_1_35' title='bbox 720 1234 1023 1315; x_wconf 81' lang='grc' dir='ltr'>παρηκολουθηκότων</span> <span class='ocrx_word' id='word_1_36' title='bbox 1044 1234 1192 1314; x_wconf 77' lang='grc' dir='ltr'>ὁμολογεῖ</span> <span class='ocrx_word' id='word_1_37' title='bbox 1211 1231 1438 1314; x_wconf 74' lang='grc' dir='ltr'>παρειληφέναι·</span> <span class='ocrx_word' id='word_1_38' title='bbox 1452 1230 1647 1315; x_wconf 79' lang='grc' dir='ltr'>Ἀριστίωνος</span> <span class='ocrx_word' id='word_1_39' title='bbox 1666 1234 1722 1303; x_wconf 68' lang='grc' dir='ltr'><strong>δὶς</strong></span> 
     </span>
     <span class='ocr_line' id='line_1_7' title="bbox 600 1348 1697 1432; baseline -0.002 -19"><span class='ocrx_word' id='word_1_40' title='bbox 600 1350 649 1413; x_wconf 79' lang='grc' dir='ltr'>καὶ</span> <span class='ocrx_word' id='word_1_41' title='bbox 673 1354 727 1413; x_wconf 79' lang='grc' dir='ltr'><strong>τοῦ</strong></span> <span class='ocrx_word' id='word_1_42' title='bbox 749 1349 955 1432; x_wconf 72' lang='grc' dir='ltr'>πρεσβυτέρου</span> <span class='ocrx_word' id='word_1_43' title='bbox 972 1349 1124 1426; x_wconf 85' lang='grc' dir='ltr'>Ἰωάννου,</span> <span class='ocrx_word' id='word_1_44' title='bbox 1150 1348 1293 1429; x_wconf 74' lang='grc' dir='ltr'>οθιηκοου</span> <span class='ocrx_word' id='word_1_45' title='bbox 1317 1348 1423 1412; x_wconf 75' lang='grc' dir='ltr'>ἑαυτὸν</span> <span class='ocrx_word' id='word_1_46' title='bbox 1446 1349 1522 1431; x_wconf 77' lang='grc' dir='ltr'>φησὶ</span> <span class='ocrx_word' id='word_1_47' title='bbox 1543 1348 1697 1430; x_wconf 75' lang='grc' dir='ltr'>γενέσθω.</span> 
     </span>
     <span class='ocr_line' id='line_1_8' title="bbox 600 1463 1697 1545; baseline -0.001 -18"><span class='ocrx_word' id='word_1_48' title='bbox 600 1465 745 1543; x_wconf 79' lang='grc' dir='ltr'>ὀνομαστὶ</span> <span class='ocrx_word' id='word_1_49' title='bbox 767 1469 841 1545; x_wconf 87' lang='grc' dir='ltr'>γοῦν</span> <span class='ocrx_word' id='word_1_50' title='bbox 859 1463 1006 1530; x_wconf 76' lang='grc' dir='ltr'>πολλάκις</span> <span class='ocrx_word' id='word_1_51' title='bbox 1027 1465 1124 1528; x_wconf 81' lang='grc' dir='ltr'>αὐτῶν</span> <span class='ocrx_word' id='word_1_52' title='bbox 1143 1465 1358 1545; x_wconf 81' lang='grc' dir='ltr'>μνημονεύσας,</span> <span class='ocrx_word' id='word_1_53' title='bbox 1377 1465 1411 1526; x_wconf 80' lang='grc' dir='ltr'>έν</span> <span class='ocrx_word' id='word_1_54' title='bbox 1432 1468 1493 1529; x_wconf 79' lang='grc' dir='ltr'>τοῖς</span> <span class='ocrx_word' id='word_1_55' title='bbox 1515 1463 1605 1526; x_wconf 83' lang='grc' dir='ltr'>ου’τοΰ</span> <span class='ocrx_word' id='word_1_56' title='bbox 1626 1487 1697 1543; x_wconf 82' lang='grc' dir='ltr'>συγ-</span> 
     </span>
     <span class='ocr_line' id='line_1_9' title="bbox 600 1576 1698 1661; baseline -0.001 -20"><span class='ocrx_word' id='word_1_57' title='bbox 600 1580 754 1661; x_wconf 77' lang='grc' dir='ltr'>γράμμασι</span> <span class='ocrx_word' id='word_1_58' title='bbox 773 1582 890 1658; x_wconf 86' lang='grc' dir='ltr'>τίθησιν</span> <span class='ocrx_word' id='word_1_59' title='bbox 904 1581 1000 1644; x_wconf 83' lang='grc' dir='ltr'><strong>αάτῶν</strong></span> <span class='ocrx_word' id='word_1_60' title='bbox 1014 1582 1202 1661; x_wconf 79' lang='grc' dir='ltr'>παραδόσεις·</span> <span class='ocrx_word' id='word_1_61' title='bbox 1226 1581 1274 1643; x_wconf 84' lang='grc' dir='ltr'>καὶ</span> <span class='ocrx_word' id='word_1_62' title='bbox 1292 1584 1385 1646; x_wconf 82' lang='grc' dir='ltr'>ταῦτα</span> <span class='ocrx_word' id='word_1_63' title='bbox 1402 1578 1426 1642; x_wconf 82' lang='grc' dir='ltr'><strong>δ’</strong></span> <span class='ocrx_word' id='word_1_64' title='bbox 1442 1580 1511 1657; x_wconf 82' lang='grc' dir='ltr'>ἡμῖν</span> <span class='ocrx_word' id='word_1_65' title='bbox 1530 1579 1583 1642; x_wconf 77' lang='grc' dir='ltr'><strong>οὐκ</strong></span> <span class='ocrx_word' id='word_1_66' title='bbox 1604 1581 1647 1645; x_wconf 82' lang='grc' dir='ltr'>είς</span> <span class='ocrx_word' id='word_1_67' title='bbox 1665 1576 1698 1640; x_wconf 82' lang='grc' dir='ltr'><strong>τά</strong></span> 
     </span>
     <span class='ocr_line' id='line_1_10' title="bbox 601 1694 1698 1779; baseline 0.001 -21"><span class='ocrx_word' id='word_1_68' title='bbox 601 1694 753 1779; x_wconf 84' lang='grc' dir='ltr'>άχρηστον</span> <span class='ocrx_word' id='word_1_69' title='bbox 768 1694 903 1776; x_wconf 76' lang='grc' dir='ltr'>εἰρήσθω.</span> <span class='ocrx_word' id='word_1_70' title='bbox 938 1697 1022 1778; x_wconf 74' lang='grc' dir='ltr'>άξισν</span> <span class='ocrx_word' id='word_1_71' title='bbox 1036 1699 1069 1762; x_wconf 69' lang='grc' dir='ltr'>δέ</span> <span class='ocrx_word' id='word_1_72' title='bbox 1083 1704 1149 1766; x_wconf 84' lang='grc' dir='ltr'>ταῖς</span> <span class='ocrx_word' id='word_1_73' title='bbox 1163 1696 1371 1761; x_wconf 86' lang='grc' dir='ltr'>ἀποδοθείσαις</span> <span class='ocrx_word' id='word_1_74' title='bbox 1384 1700 1437 1757; x_wconf 81' lang='grc' dir='ltr'><strong>τοῦ</strong></span> <span class='ocrx_word' id='word_1_75' title='bbox 1452 1696 1558 1757; x_wconf 86' lang='grc' dir='ltr'>Παπία</span> <span class='ocrx_word' id='word_1_76' title='bbox 1571 1700 1698 1776; x_wconf 77' lang='grc' dir='ltr'>φωναῖς,</span> 
     </span>
     <span class='ocr_line' id='line_1_11' title="bbox 602 1810 1741 1898; baseline 0 -23"><span class='ocrx_word' id='word_1_77' title='bbox 602 1822 682 1894; x_wconf 81' lang='lat' dir='ltr'><strong>(quaa</strong></span> <span class='ocrx_word' id='word_1_78' title='bbox 695 1817 839 1895; x_wconf 80' lang='lat' dir='ltr'><strong>descripta</strong></span> <span class='ocrx_word' id='word_1_79' title='bbox 852 1829 922 1877; x_wconf 90' lang='lat' dir='ltr'><strong>sunt</strong></span> <span class='ocrx_word' id='word_1_80' title='bbox 935 1839 1023 1897; x_wconf 81' lang='lat' dir='ltr'><strong>supra</strong></span> <span class='ocrx_word' id='word_1_81' title='bbox 1039 1840 1105 1898; x_wconf 83' lang='lat' dir='ltr'><strong>pag.</strong></span> <span class='ocrx_word' id='word_1_82' title='bbox 1119 1822 1159 1894; x_wconf 90' lang='lat'><strong>7.)</strong></span> <span class='ocrx_word' id='word_1_83' title='bbox 1180 1812 1339 1893; x_wconf 77' lang='grc' dir='ltr'>προσάψαι</span> <span class='ocrx_word' id='word_1_84' title='bbox 1358 1811 1456 1890; x_wconf 75' lang='grc' dir='ltr'>λέξεις</span> <span class='ocrx_word' id='word_1_85' title='bbox 1477 1810 1580 1892; x_wconf 76' lang='grc' dir='ltr'>ἑτέρας</span> <span class='ocrx_word' id='word_1_86' title='bbox 1599 1812 1697 1888; x_wconf 73' lang='grc' dir='ltr'>αὐτοῦ,</span> <span class='ocrx_word' id='word_1_87' title='bbox 1710 1827 1741 1869; x_wconf 84' lang='lat'><strong>¹0</strong></span> 
     </span>
     <span class='ocr_line' id='line_1_12' title="bbox 600 1924 1700 2010; baseline 0.004 -20"><span class='ocrx_word' id='word_1_88' title='bbox 600 1924 636 1991; x_wconf 81' lang='grc' dir='ltr'>δι’</span> <span class='ocrx_word' id='word_1_89' title='bbox 658 1928 701 1989; x_wconf 79' lang='grc' dir='ltr'><strong>ὧν</strong></span> <span class='ocrx_word' id='word_1_90' title='bbox 727 1927 879 2008; x_wconf 78' lang='grc' dir='ltr'>παράδοξά</span> <span class='ocrx_word' id='word_1_91' title='bbox 901 1953 968 1992; x_wconf 88' lang='grc' dir='ltr'>τινα</span> <span class='ocrx_word' id='word_1_92' title='bbox 992 1931 1108 2010; x_wconf 73' lang='grc' dir='ltr'>ἱστορεῖ</span> <span class='ocrx_word' id='word_1_93' title='bbox 1130 1931 1178 1994; x_wconf 79' lang='grc' dir='ltr'>καὶ</span> <span class='ocrx_word' id='word_1_94' title='bbox 1204 1931 1296 2006; x_wconf 80' lang='grc' dir='ltr'>ἄλλα,</span> <span class='ocrx_word' id='word_1_95' title='bbox 1322 1930 1361 1995; x_wconf 85' lang='grc' dir='ltr'><strong>ὡς</strong></span> <span class='ocrx_word' id='word_1_96' title='bbox 1386 1929 1424 1994; x_wconf 83' lang='grc' dir='ltr'><strong>ἀν</strong></span> <span class='ocrx_word' id='word_1_97' title='bbox 1448 1931 1481 1991; x_wconf 82' lang='grc' dir='ltr'>έκ</span> <span class='ocrx_word' id='word_1_98' title='bbox 1505 1930 1700 2009; x_wconf 75' lang='grc' dir='ltr'>παραδόσεως</span> 
     </span>
     <span class='ocr_line' id='line_1_13' title="bbox 602 2042 1700 2125; baseline 0 -20"><span class='ocrx_word' id='word_1_99' title='bbox 602 2043 644 2108; x_wconf 83' lang='grc' dir='ltr'>είς</span> <span class='ocrx_word' id='word_1_100' title='bbox 665 2042 757 2105; x_wconf 80' lang='grc' dir='ltr'>αι’ττὸν</span> <span class='ocrx_word' id='word_1_101' title='bbox 779 2045 917 2107; x_wconf 83' lang='grc' dir='ltr'>έλθόντα.</span> <span class='ocrx_word' id='word_1_102' title='bbox 961 2044 995 2106; x_wconf 85' lang='grc' dir='ltr'><strong>τὸ</strong></span> <span class='ocrx_word' id='word_1_103' title='bbox 1018 2046 1074 2123; x_wconf 68' lang='grc' dir='ltr'>μέν</span> <span class='ocrx_word' id='word_1_104' title='bbox 1100 2046 1153 2108; x_wconf 79' lang='grc' dir='ltr'><strong>οὖν</strong></span> <span class='ocrx_word' id='word_1_105' title='bbox 1181 2049 1254 2108; x_wconf 78' lang='grc' dir='ltr'>κατὰ</span> <span class='ocrx_word' id='word_1_106' title='bbox 1276 2045 1331 2123; x_wconf 71' lang='grc' dir='ltr'><strong>τὴν</strong></span> <span class='ocrx_word' id='word_1_107' title='bbox 1352 2043 1522 2125; x_wconf 87' lang='grc' dir='ltr'>Ἱεράπολιν</span> <span class='ocrx_word' id='word_1_108' title='bbox 1545 2045 1700 2107; x_wconf 87' lang='grc' dir='ltr'>Φίλιππον</span> 
     </span>
     <span class='ocr_line' id='line_1_14' title="bbox 599 2158 1700 2243; baseline 0.002 -22"><span class='ocrx_word' id='word_1_109' title='bbox 599 2158 653 2222; x_wconf 83' lang='grc' dir='ltr'><strong>τὸν</strong></span> <span class='ocrx_word' id='word_1_110' title='bbox 678 2161 850 2224; x_wconf 83' lang='grc' dir='ltr'>ἀπόστολον</span> <span class='ocrx_word' id='word_1_111' title='bbox 872 2158 934 2241; x_wconf 84' lang='grc' dir='ltr'>ἅμα</span> <span class='ocrx_word' id='word_1_112' title='bbox 958 2167 1023 2227; x_wconf 84' lang='grc' dir='ltr'>ταῖς</span> <span class='ocrx_word' id='word_1_113' title='bbox 1046 2161 1209 2243; x_wconf 83' lang='grc' dir='ltr'>θυγατράσι</span> <span class='ocrx_word' id='word_1_114' title='bbox 1231 2163 1394 2243; x_wconf 76' lang='grc' dir='ltr'>διατρῖψαι,</span> <span class='ocrx_word' id='word_1_115' title='bbox 1417 2164 1465 2225; x_wconf 76' lang='grc' dir='ltr'>διὸ</span> <span class='ocrx_word' id='word_1_116' title='bbox 1487 2166 1546 2224; x_wconf 74' lang='grc' dir='ltr'><strong>τῶν</strong></span> <span class='ocrx_word' id='word_1_117' title='bbox 1566 2162 1700 2241; x_wconf 87' lang='grc' dir='ltr'>πρόσθεν</span> 
     </span>
     <span class='ocr_line' id='line_1_15' title="bbox 602 2277 1700 2363; baseline 0 -23"><span class='ocrx_word' id='word_1_118' title='bbox 602 2288 705 2361; x_wconf 84' lang='lat' dir='ltr'><strong>(supra</strong></span> <span class='ocrx_word' id='word_1_119' title='bbox 727 2303 855 2363; x_wconf 83' lang='lat' dir='ltr'><strong>cap.31.</strong></span> <span class='ocrx_word' id='word_1_120' title='bbox 873 2285 962 2361; x_wconf 88' lang='lat' dir='ltr'><strong>hujus</strong></span> <span class='ocrx_word' id='word_1_121' title='bbox 984 2284 1033 2342; x_wconf 91' lang='lat' dir='ltr'><strong>lib.</strong></span> <span class='ocrx_word' id='word_1_122' title='bbox 1051 2285 1131 2341; x_wconf 66' lang='lat' dir='ltr'><strong>Hirr.</strong></span> <span class='ocrx_word' id='word_1_123' title='bbox 1150 2284 1269 2362; x_wconf 80' lang='grc' dir='ltr'>Ευςοά.)</span> <span class='ocrx_word' id='word_1_124' title='bbox 1295 2277 1467 2357; x_wconf 76' lang='grc' dir='ltr'>δεδήλωται.</span> <span class='ocrx_word' id='word_1_125' title='bbox 1504 2278 1543 2345; x_wconf 76' lang='grc' dir='ltr'><strong>ἀς</strong></span> <span class='ocrx_word' id='word_1_126' title='bbox 1568 2278 1601 2339; x_wconf 69' lang='grc' dir='ltr'>δέ</span> <span class='ocrx_word' id='word_1_127' title='bbox 1625 2278 1700 2340; x_wconf 82' lang='grc' dir='ltr'>κατά</span> 
     </span>
     <span class='ocr_line' id='line_1_16' title="bbox 600 2393 1742 2476; baseline 0.003 -22"><span class='ocrx_word' id='word_1_128' title='bbox 600 2393 667 2460; x_wconf 76' lang='grc' dir='ltr'>τοὺς</span> <span class='ocrx_word' id='word_1_129' title='bbox 681 2394 787 2460; x_wconf 81' lang='grc' dir='ltr'>αὐτοὺς</span> <span class='ocrx_word' id='word_1_130' title='bbox 800 2397 817 2458; x_wconf 89' lang='grc' dir='ltr'>ό</span> <span class='ocrx_word' id='word_1_131' title='bbox 832 2396 954 2461; x_wconf 85' lang='grc' dir='ltr'>Παπίας</span> <span class='ocrx_word' id='word_1_132' title='bbox 968 2396 1140 2476; x_wconf 84' lang='grc' dir='ltr'>γενόμενος,</span> <span class='ocrx_word' id='word_1_133' title='bbox 1150 2394 1287 2476; x_wconf 85' lang='grc' dir='ltr'>διήγησιν</span> <span class='ocrx_word' id='word_1_134' title='bbox 1297 2393 1516 2476; x_wconf 79' lang='grc' dir='ltr'>παρειληφέναι</span> <span class='ocrx_word' id='word_1_135' title='bbox 1529 2395 1699 2473; x_wconf 85' lang='grc' dir='ltr'>θαυμασίαν</span> <span class='ocrx_word' id='word_1_136' title='bbox 1711 2404 1742 2466; x_wconf 78' lang='grc'><strong>15</strong></span> 
     </span>
     <span class='ocr_line' id='line_1_17' title="bbox 598 2510 1699 2594; baseline 0.001 -22"><span class='ocrx_word' id='word_1_137' title='bbox 598 2510 657 2572; x_wconf 79' lang='grc' dir='ltr'><strong>ὑπὸ</strong></span> <span class='ocrx_word' id='word_1_138' title='bbox 671 2516 730 2573; x_wconf 87' lang='grc' dir='ltr'><strong>τῶν</strong></span> <span class='ocrx_word' id='word_1_139' title='bbox 745 2516 796 2573; x_wconf 85' lang='grc' dir='ltr'><strong>τοῦ</strong></span> <span class='ocrx_word' id='word_1_140' title='bbox 812 2513 964 2576; x_wconf 88' lang='grc' dir='ltr'>Φιλίππου</span> <span class='ocrx_word' id='word_1_141' title='bbox 985 2510 1154 2594; x_wconf 84' lang='grc' dir='ltr'>θυγατέρων</span> <span class='ocrx_word' id='word_1_142' title='bbox 1174 2512 1359 2593; x_wconf 80' lang='grc' dir='ltr'>μνημονεύει,</span> <span class='ocrx_word' id='word_1_143' title='bbox 1375 2514 1412 2576; x_wconf 76' lang='grc' dir='ltr'><strong>τά</strong></span> <span class='ocrx_word' id='word_1_144' title='bbox 1433 2516 1486 2574; x_wconf 82' lang='grc' dir='ltr'><strong>νῦν</strong></span> <span class='ocrx_word' id='word_1_145' title='bbox 1506 2510 1699 2592; x_wconf 87' lang='grc' dir='ltr'>σημειωτέον.</span> 
     </span>
     <span class='ocr_line' id='line_1_18' title="bbox 600 2629 1701 2712; baseline 0 -20"><span class='ocrx_word' id='word_1_146' title='bbox 600 2634 705 2708; x_wconf 85' lang='grc' dir='ltr'>νεκροῦ</span> <span class='ocrx_word' id='word_1_147' title='bbox 720 2632 778 2710; x_wconf 80' lang='grc' dir='ltr'><strong>γὰρ</strong></span> <span class='ocrx_word' id='word_1_148' title='bbox 793 2629 963 2693; x_wconf 79' lang='grc' dir='ltr'>ἀνάστασιν</span> <span class='ocrx_word' id='word_1_149' title='bbox 978 2631 1038 2693; x_wconf 84' lang='grc' dir='ltr'>κατ’</span> <span class='ocrx_word' id='word_1_150' title='bbox 1055 2629 1147 2693; x_wconf 78' lang='grc' dir='ltr'>αὐτὸν</span> <span class='ocrx_word' id='word_1_151' title='bbox 1161 2636 1321 2711; x_wconf 80' lang='grc' dir='ltr'>γεγονυῖαν</span> <span class='ocrx_word' id='word_1_152' title='bbox 1336 2632 1458 2712; x_wconf 69' lang='grc' dir='ltr'>ίστορεῦ</span> <span class='ocrx_word' id='word_1_153' title='bbox 1480 2630 1529 2693; x_wconf 78' lang='grc' dir='ltr'>καὶ</span> <span class='ocrx_word' id='word_1_154' title='bbox 1549 2630 1587 2693; x_wconf 76' lang='grc' dir='ltr'><strong>οὔ</strong></span> <span class='ocrx_word' id='word_1_155' title='bbox 1606 2629 1701 2694; x_wconf 89' lang='grc' dir='ltr'>πάλιν</span> 
     </span>
     <span class='ocr_line' id='line_1_19' title="bbox 602 2745 1699 2828; baseline 0.003 -20"><span class='ocrx_word' id='word_1_156' title='bbox 602 2746 705 2824; x_wconf 77' lang='grc' dir='ltr'>ἕτερον</span> <span class='ocrx_word' id='word_1_157' title='bbox 719 2745 886 2825; x_wconf 79' lang='grc' dir='ltr'>παράδοξον</span> <span class='ocrx_word' id='word_1_158' title='bbox 896 2747 963 2826; x_wconf 80' lang='grc' dir='ltr'>περὶ</span> <span class='ocrx_word' id='word_1_159' title='bbox 971 2746 1106 2809; x_wconf 85' lang='grc' dir='ltr'>Ἰοῦστον</span> <span class='ocrx_word' id='word_1_160' title='bbox 1117 2746 1170 2809; x_wconf 88' lang='grc' dir='ltr'><strong>τὸν</strong></span> <span class='ocrx_word' id='word_1_161' title='bbox 1181 2745 1379 2822; x_wconf 76' lang='grc' dir='ltr'>ἐπικληθέντα</span> <span class='ocrx_word' id='word_1_162' title='bbox 1390 2751 1554 2826; x_wconf 82' lang='grc' dir='ltr'>Βορσοβάν</span> <span class='ocrx_word' id='word_1_163' title='bbox 1564 2749 1699 2828; x_wconf 81' lang='grc' dir='ltr'>γεγονός·</span> 
     </span>
     <span class='ocr_line' id='line_1_20' title="bbox 601 2861 1701 2944; baseline 0.002 -18"><span class='ocrx_word' id='word_1_164' title='bbox 601 2864 641 2929; x_wconf 77' lang='grc' dir='ltr'><strong>ὥς</strong></span> <span class='ocrx_word' id='word_1_165' title='bbox 661 2862 837 2942; x_wconf 74' lang='grc' dir='ltr'>δηλητήριον</span> <span class='ocrx_word' id='word_1_166' title='bbox 856 2861 1013 2944; x_wconf 84' lang='grc' dir='ltr'>φάρμακον</span> <span class='ocrx_word' id='word_1_167' title='bbox 1030 2865 1195 2942; x_wconf 83' lang='grc' dir='ltr'>ε’μπιόντος,</span> <span class='ocrx_word' id='word_1_168' title='bbox 1213 2864 1261 2926; x_wconf 81' lang='grc' dir='ltr'>καὶ</span> <span class='ocrx_word' id='word_1_169' title='bbox 1281 2865 1373 2943; x_wconf 75' lang='grc' dir='ltr'>μηδὲν</span> <span class='ocrx_word' id='word_1_170' title='bbox 1394 2865 1481 2942; x_wconf 70' lang='grc' dir='ltr'>ἀηδὲς</span> <span class='ocrx_word' id='word_1_171' title='bbox 1502 2867 1550 2927; x_wconf 70' lang='lat' dir='ltr'><strong>aa</strong></span> <span class='ocrx_word' id='word_1_172' title='bbox 1571 2864 1626 2942; x_wconf 74' lang='grc' dir='ltr'><strong>τὴν</strong></span> <span class='ocrx_word' id='word_1_173' title='bbox 1648 2866 1701 2928; x_wconf 74' lang='grc' dir='ltr'><strong>τοῦ</strong></span> 
     </span>
     <span class='ocr_line' id='line_1_21' title="bbox 603 2978 1746 3062; baseline 0.004 -22"><span class='ocrx_word' id='word_1_174' title='bbox 603 2981 711 3059; x_wconf 83' lang='grc' dir='ltr'>Κυρίου</span> <span class='ocrx_word' id='word_1_175' title='bbox 738 2978 829 3062; x_wconf 90' lang='grc' dir='ltr'>χάριν</span> <span class='ocrx_word' id='word_1_176' title='bbox 850 2978 1265 3060; x_wconf 79' lang='grc' dir='ltr'>θπομείναντος.--Καὶ</span> <span class='ocrx_word' id='word_1_177' title='bbox 1288 2979 1370 3045; x_wconf 90' lang='grc' dir='ltr'>ἀλλο</span> <span class='ocrx_word' id='word_1_178' title='bbox 1393 2980 1426 3042; x_wconf 72' lang='grc' dir='ltr'><strong>δὲ</strong></span> <span class='ocrx_word' id='word_1_179' title='bbox 1448 2981 1464 3041; x_wconf 88' lang='grc' dir='ltr'>ά</span> <span class='ocrx_word' id='word_1_180' title='bbox 1489 2979 1578 3046; x_wconf 73' lang='grc' dir='ltr'>αὐτὸς</span> <span class='ocrx_word' id='word_1_181' title='bbox 1602 2981 1643 3045; x_wconf 75' lang='grc' dir='ltr'><strong>ὣς</strong></span> <span class='ocrx_word' id='word_1_182' title='bbox 1668 2981 1746 3050; x_wconf 80' lang='grc' dir='ltr'>έκιο</span> 
     </span>
    </p>
   </div>
   <div class='ocr_carea' id='block_1_4' title="bbox 600 3218 1747 3563">
    <p class='ocr_par' dir='ltr' id='par_1_5' title="bbox 600 3218 1747 3563">
     <span class='ocr_line' id='line_1_22' title="bbox 637 3218 1703 3290; baseline 0.001 -18"><span class='ocrx_word' id='word_1_183' title='bbox 637 3219 673 3272; x_wconf 77' lang='lat' dir='ltr'><strong>Et</strong></span> <span class='ocrx_word' id='word_1_184' title='bbox 694 3218 788 3290; x_wconf 83' lang='lat' dir='ltr'><strong>Papias</strong></span> <span class='ocrx_word' id='word_1_185' title='bbox 807 3219 914 3290; x_wconf 89' lang='lat' dir='ltr'><strong>quidem</strong></span> <span class='ocrx_word' id='word_1_186' title='bbox 933 3219 1035 3290; x_wconf 85' lang='lat' dir='ltr'><strong>dequo</strong></span> <span class='ocrx_word' id='word_1_187' title='bbox 1053 3235 1126 3273; x_wconf 86' lang='lat' dir='ltr'><strong>nunc</strong></span> <span class='ocrx_word' id='word_1_188' title='bbox 1177 3218 1280 3272; x_wconf 82' lang='lat' dir='ltr'><strong>filiabus</strong></span> <span class='ocrx_word' id='word_1_189' title='bbox 1306 3218 1442 3287; x_wconf 81' lang='lat' dir='ltr'><strong>Hierapoli</strong></span> <span class='ocrx_word' id='word_1_190' title='bbox 1469 3218 1562 3288; x_wconf 80' lang='lat' dir='ltr'><strong>degero</strong></span> <span class='ocrx_word' id='word_1_191' title='bbox 1591 3218 1703 3273; x_wconf 89' lang='lat' dir='ltr'><strong>solitum</strong></span> 
     </span>
     <span class='ocr_line' id='line_1_23' title="bbox 600 3287 1703 3358; baseline 0.002 -17"><span class='ocrx_word' id='word_1_192' title='bbox 600 3305 750 3343; x_wconf 82' lang='lat' dir='ltr'><strong>sermonem</strong></span> <span class='ocrx_word' id='word_1_193' title='bbox 773 3289 912 3352; x_wconf 88' lang='lat' dir='ltr'><strong>habemus,</strong></span> <span class='ocrx_word' id='word_1_194' title='bbox 934 3290 1126 3358; x_wconf 76' lang='lat' dir='ltr'><strong>Apostolorum</strong></span> <span class='ocrx_word' id='word_1_195' title='bbox 1177 3289 1298 3356; x_wconf 86' lang='lat' dir='ltr'><strong>superius</strong></span> <span class='ocrx_word' id='word_1_196' title='bbox 1330 3287 1479 3341; x_wconf 79' lang='lat' dir='ltr'><strong>docuimus.</strong></span> <span class='ocrx_word' id='word_1_197' title='bbox 1527 3287 1608 3341; x_wconf 89' lang='lat' dir='ltr'><strong>Nunc</strong></span> <span class='ocrx_word' id='word_1_198' title='bbox 1638 3306 1703 3343; x_wconf 83' lang='lat' dir='ltr'><strong>vero</strong></span> 
     </span>
     <span class='ocr_line' id='line_1_24' title="bbox 600 3356 1703 3429; baseline 0.002 -19"><span class='ocrx_word' id='word_1_199' title='bbox 600 3356 678 3421; x_wconf 81' lang='lat' dir='ltr'><strong>dicta,</strong></span> <span class='ocrx_word' id='word_1_200' title='bbox 692 3358 725 3410; x_wconf 89' lang='lat' dir='ltr'><strong>ab</strong></span> <span class='ocrx_word' id='word_1_201' title='bbox 737 3359 770 3412; x_wconf 88' lang='lat' dir='ltr'><strong>iis</strong></span> <span class='ocrx_word' id='word_1_202' title='bbox 783 3359 828 3429; x_wconf 93' lang='lat' dir='ltr'><strong>qui</strong></span> <span class='ocrx_word' id='word_1_203' title='bbox 844 3376 906 3412; x_wconf 89' lang='lat' dir='ltr'><strong>cum</strong></span> <span class='ocrx_word' id='word_1_204' title='bbox 919 3358 1055 3428; x_wconf 85' lang='lat' dir='ltr'><strong>Apostolis</strong></span> <span class='ocrx_word' id='word_1_205' title='bbox 1068 3375 1126 3410; x_wconf 88' lang='lat' dir='ltr'><strong>var·</strong></span> <span class='ocrx_word' id='word_1_206' title='bbox 1177 3356 1402 3426; x_wconf 80' lang='lat' dir='ltr'><strong>quemadmodum</strong></span> <span class='ocrx_word' id='word_1_207' title='bbox 1421 3356 1523 3425; x_wconf 87' lang='lat' dir='ltr'><strong>Papias,</strong></span> <span class='ocrx_word' id='word_1_208' title='bbox 1542 3357 1589 3427; x_wconf 90' lang='lat' dir='ltr'><strong>qui</strong></span> <span class='ocrx_word' id='word_1_209' title='bbox 1606 3357 1703 3412; x_wconf 85' lang='lat' dir='ltr'><strong>iisdem</strong></span> 
     </span>
     <span class='ocr_line' id='line_1_25' title="bbox 600 3425 1702 3507; baseline 0.002 -29"><span class='ocrx_word' id='word_1_210' title='bbox 600 3427 650 3479; x_wconf 87' lang='lat' dir='ltr'><strong>sati</strong></span> <span class='ocrx_word' id='word_1_211' title='bbox 663 3427 775 3489; x_wconf 78' lang='lat' dir='ltr'><strong>fuerant,</strong></span> <span class='ocrx_word' id='word_1_212' title='bbox 788 3445 816 3480; x_wconf 87' lang='lat' dir='ltr'><strong>ae</strong></span> <span class='ocrx_word' id='word_1_213' title='bbox 829 3428 960 3496; x_wconf 85' lang='lat' dir='ltr'><strong>accepisse</strong></span> <span class='ocrx_word' id='word_1_214' title='bbox 971 3427 1125 3495; x_wconf 88' lang='lat' dir='ltr'><strong>profitetur:</strong></span> <span class='ocrx_word' id='word_1_215' title='bbox 1176 3426 1340 3494; x_wconf 78' lang='lat' dir='ltr'><strong>temporibus</strong></span> <span class='ocrx_word' id='word_1_216' title='bbox 1358 3425 1433 3488; x_wconf 82' lang='lat' dir='ltr'><strong>vixit,</strong></span> <span class='ocrx_word' id='word_1_217' title='bbox 1448 3425 1595 3479; x_wconf 87' lang='lat' dir='ltr'><strong>mirabilem</strong></span> <span class='ocrx_word' id='word_1_218' title='bbox 1616 3444 1702 3507; x_wconf 87' lang='lat' dir='ltr'><strong>quan·</strong></span> 
     </span>
     <span class='ocr_line' id='line_1_26' title="bbox 601 3493 1747 3563; baseline -0.003 -16"><span class='ocrx_word' id='word_1_219' title='bbox 601 3495 743 3548; x_wconf 89' lang='lat' dir='ltr'><strong>Aristionia</strong></span> <span class='ocrx_word' id='word_1_220' title='bbox 764 3506 853 3549; x_wconf 82' lang='lat' dir='ltr'><strong>autem</strong></span> <span class='ocrx_word' id='word_1_221' title='bbox 874 3505 900 3548; x_wconf 89' lang='lat' dir='ltr'><strong>et</strong></span> <span class='ocrx_word' id='word_1_222' title='bbox 917 3496 1030 3548; x_wconf 85' lang='lat' dir='ltr'><strong>Joannis</strong></span> <span class='ocrx_word' id='word_1_223' title='bbox 1049 3495 1126 3547; x_wconf 80' lang='lat' dir='ltr'><strong>Pres-</strong></span> <span class='ocrx_word' id='word_1_224' title='bbox 1177 3493 1238 3547; x_wconf 92' lang='lat' dir='ltr'><strong>dam</strong></span> <span class='ocrx_word' id='word_1_225' title='bbox 1251 3496 1428 3548; x_wconf 73' lang='lat' dir='ltr'><strong>narrationem</strong></span> <span class='ocrx_word' id='word_1_226' title='bbox 1439 3512 1455 3547; x_wconf 89' lang='lat' dir='ltr'><strong>a</strong></span> <span class='ocrx_word' id='word_1_227' title='bbox 1467 3494 1581 3563; x_wconf 88' lang='lat' dir='ltr'><strong>Philippi</strong></span> <span class='ocrx_word' id='word_1_228' title='bbox 1595 3494 1702 3549; x_wconf 81' lang='lat' dir='ltr'><strong>fihubus</strong></span> <span class='ocrx_word' id='word_1_229' title='bbox 1713 3500 1747 3562; x_wconf 73' lang='grc' dir='ltr'><strong>ις</strong></span> 
     </span>
    </p>
   </div>
   <div class='ocr_carea' id='block_1_5' title="bbox 600 3562 1704 3893">
    <p class='ocr_par' dir='ltr' id='par_1_6' title="bbox 601 3562 1702 3632">
     <span class='ocr_line' id='line_1_27' title="bbox 601 3562 1702 3632; baseline 0.003 -17"><span class='ocrx_word' id='word_1_230' title='bbox 601 3562 619 3616; x_wconf 92' lang='lat' dir='ltr'>b</span> <span class='ocrx_word' id='word_1_231' title='bbox 664 3565 686 3615; x_wconf 87' lang='lat' dir='ltr'><strong>ri</strong></span> <span class='ocrx_word' id='word_1_232' title='bbox 712 3563 860 3617; x_wconf 83' lang='lat' dir='ltr'><strong>audituram</strong></span> <span class='ocrx_word' id='word_1_233' title='bbox 887 3582 915 3617; x_wconf 89' lang='lat' dir='ltr'><strong>se</strong></span> <span class='ocrx_word' id='word_1_234' title='bbox 942 3564 1006 3617; x_wconf 83' lang='lat' dir='ltr'><strong>dicit</strong></span> <span class='ocrx_word' id='word_1_235' title='bbox 1035 3564 1126 3617; x_wconf 83' lang='lat' dir='ltr'><strong>fuisse.</strong></span> <span class='ocrx_word' id='word_1_236' title='bbox 1176 3581 1237 3616; x_wconf 87' lang='lat' dir='ltr'><strong>acca</strong></span> <span class='ocrx_word' id='word_1_237' title='bbox 1256 3565 1308 3617; x_wconf 87' lang='lat' dir='ltr'><strong>isse</strong></span> <span class='ocrx_word' id='word_1_238' title='bbox 1343 3581 1372 3617; x_wconf 88' lang='lat' dir='ltr'><strong>se</strong></span> <span class='ocrx_word' id='word_1_239' title='bbox 1407 3563 1493 3627; x_wconf 75' lang='lat' dir='ltr'><strong>refert,</strong></span> <span class='ocrx_word' id='word_1_240' title='bbox 1526 3580 1702 3632; x_wconf 83' lang='lat' dir='ltr'><strong>exponamus.</strong></span> 
     </span>
    </p>

    <p class='ocr_par' dir='ltr' id='par_1_7' title="bbox 600 3582 1704 3893">
     <span class='ocr_line' id='line_1_28' title="bbox 636 3582 1704 3701; baseline 0.003 -17"><span class='ocrx_word' id='word_1_241' title='bbox 636 3633 692 3685; x_wconf 83' lang='lat' dir='ltr'><strong>ulta</strong></span> <span class='ocrx_word' id='word_1_242' title='bbox 703 3641 772 3684; x_wconf 83' lang='lat' dir='ltr'><strong>certa</strong></span> <span class='ocrx_word' id='word_1_243' title='bbox 784 3650 843 3701; x_wconf 82' lang='lat' dir='ltr'><strong>quae</strong></span> <span class='ocrx_word' id='word_1_244' title='bbox 856 3632 889 3685; x_wconf 90' lang='lat' dir='ltr'><strong>ab</strong></span> <span class='ocrx_word' id='word_1_245' title='bbox 902 3634 933 3686; x_wconf 89' lang='lat' dir='ltr'><strong>iis</strong></span> <span class='ocrx_word' id='word_1_246' title='bbox 945 3632 1042 3686; x_wconf 87' lang='lat' dir='ltr'><strong>tradita</strong></span> <span class='ocrx_word' id='word_1_247' title='bbox 1053 3650 1126 3686; x_wconf 83' lang='lat' dir='ltr'><strong>acce·</strong></span> <span class='ocrx_word' id='word_1_248' title='bbox 1177 3582 1275 3686; x_wconf 66' lang='lat' dir='ltr'><strong>Sondit</strong></span> <span class='ocrx_word' id='word_1_249' title='bbox 1298 3633 1369 3685; x_wconf 89' lang='lat' dir='ltr'><strong>enim</strong></span> <span class='ocrx_word' id='word_1_250' title='bbox 1392 3643 1529 3686; x_wconf 84' lang='lat' dir='ltr'><strong>mortuum</strong></span> <span class='ocrx_word' id='word_1_251' title='bbox 1552 3649 1602 3685; x_wconf 88' lang='lat' dir='ltr'><strong>sua</strong></span> <span class='ocrx_word' id='word_1_252' title='bbox 1625 3642 1704 3687; x_wconf 77' lang='lat' dir='ltr'><strong>aetate</strong></span> 
     </span>
     <span class='ocr_line' id='line_1_29' title="bbox 601 3700 1704 3769; baseline 0.003 -17"><span class='ocrx_word' id='word_1_253' title='bbox 601 3710 683 3768; x_wconf 84' lang='lat' dir='ltr'><strong>perat,</strong></span> <span class='ocrx_word' id='word_1_254' title='bbox 693 3701 812 3769; x_wconf 90' lang='lat' dir='ltr'><strong>ipsorum</strong></span> <span class='ocrx_word' id='word_1_255' title='bbox 824 3702 981 3754; x_wconf 87' lang='lat' dir='ltr'><strong>nominatim</strong></span> <span class='ocrx_word' id='word_1_256' title='bbox 992 3703 1127 3754; x_wconf 83' lang='lat' dir='ltr'><strong>mentione</strong></span> <span class='ocrx_word' id='word_1_257' title='bbox 1176 3700 1209 3753; x_wconf 85' lang='lat' dir='ltr'><strong>sd</strong></span> <span class='ocrx_word' id='word_1_258' title='bbox 1221 3702 1302 3754; x_wconf 85' lang='lat' dir='ltr'><strong>vitam</strong></span> <span class='ocrx_word' id='word_1_259' title='bbox 1315 3719 1372 3755; x_wconf 87' lang='lat' dir='ltr'><strong>esse</strong></span> <span class='ocrx_word' id='word_1_260' title='bbox 1383 3711 1544 3755; x_wconf 84' lang='lat' dir='ltr'><strong>revocatum.</strong></span> <span class='ocrx_word' id='word_1_261' title='bbox 1579 3701 1704 3756; x_wconf 85' lang='lat' dir='ltr'><strong>Alterum</strong></span> 
     </span>
     <span class='ocr_line' id='line_1_30' title="bbox 600 3769 1704 3893; baseline 0.004 -71"><span class='ocrx_word' id='word_1_262' title='bbox 600 3769 678 3831; x_wconf 65' lang='lat' dir='ltr'><strong>meta,</strong></span> <span class='ocrx_word' id='word_1_263' title='bbox 695 3770 723 3823; x_wconf 89' lang='lat' dir='ltr'><strong>iu</strong></span> <span class='ocrx_word' id='word_1_264' title='bbox 741 3772 936 3824; x_wconf 87' lang='lat' dir='ltr'><strong>commentariis</strong></span> <span class='ocrx_word' id='word_1_265' title='bbox 954 3771 1009 3823; x_wconf 90' lang='lat' dir='ltr'><strong>auis</strong></span> <span class='ocrx_word' id='word_1_266' title='bbox 1027 3771 1125 3824; x_wconf 87' lang='lat' dir='ltr'><strong>retulit.</strong></span> <span class='ocrx_word' id='word_1_267' title='bbox 1176 3788 1281 3893; x_wconf 76' lang='grc' dir='ltr'>ηυοηιιε</span> <span class='ocrx_word' id='word_1_268' title='bbox 1293 3772 1388 3841; x_wconf 78' lang='lat' dir='ltr'><strong>ingens</strong></span> <span class='ocrx_word' id='word_1_269' title='bbox 1403 3771 1560 3823; x_wconf 85' lang='lat' dir='ltr'><strong>miraculum</strong></span> <span class='ocrx_word' id='word_1_270' title='bbox 1574 3770 1655 3825; x_wconf 82' lang='lat' dir='ltr'><strong>refert</strong></span> <span class='ocrx_word' id='word_1_271' title='bbox 1670 3771 1704 3826; x_wconf 83' lang='lat' dir='ltr'><strong>de</strong></span> 
     </span>
    </p>
   </div>
   <div class='ocr_carea' id='block_1_6' title="bbox 601 3837 1749 4390">
    <p class='ocr_par' dir='ltr' id='par_1_8' title="bbox 601 3837 1749 4390">
     <span class='ocr_line' id='line_1_31' title="bbox 601 3837 1749 3919; baseline 0.005 -30"><span class='ocrx_word' id='word_1_272' title='bbox 601 3837 690 3908; x_wconf 86' lang='lat' dir='ltr'><strong>Atque</strong></span> <span class='ocrx_word' id='word_1_273' title='bbox 708 3837 765 3891; x_wconf 73' lang='lat' dir='ltr'><strong>hac</strong></span> <span class='ocrx_word' id='word_1_274' title='bbox 786 3838 894 3909; x_wconf 89' lang='lat' dir='ltr'><strong>quidem</strong></span> <span class='ocrx_word' id='word_1_275' title='bbox 911 3857 966 3893; x_wconf 89' lang='lat' dir='ltr'><strong>non</strong></span> <span class='ocrx_word' id='word_1_276' title='bbox 984 3841 1126 3908; x_wconf 84' lang='lat' dir='ltr'><strong>superflue,</strong></span> <span class='ocrx_word' id='word_1_277' title='bbox 1195 3850 1256 3893; x_wconf 86' lang='lat' dir='ltr'><strong>usto</strong></span> <span class='ocrx_word' id='word_1_278' title='bbox 1277 3840 1323 3919; x_wconf 87' lang='lat' dir='ltr'><strong>qui</strong></span> <span class='ocrx_word' id='word_1_279' title='bbox 1345 3839 1475 3892; x_wconf 88' lang='lat' dir='ltr'><strong>Barsabas</strong></span> <span class='ocrx_word' id='word_1_280' title='bbox 1499 3840 1703 3909; x_wconf 79' lang='lat' dir='ltr'><strong>cognominatus</strong></span> <span class='ocrx_word' id='word_1_281' title='bbox 1712 3855 1749 3911; x_wconf 80' lang='lat'><strong>30</strong></span> 
     </span>
     <span class='ocr_line' id='line_1_32' title="bbox 601 3906 1703 4030; baseline 0.005 -72"><span class='ocrx_word' id='word_1_282' title='bbox 601 3916 632 3958; x_wconf 87' lang='lat' dir='ltr'><strong>ut</strong></span> <span class='ocrx_word' id='word_1_283' title='bbox 641 3906 872 3969; x_wconf 84' lang='lat' dir='ltr'><strong>arbitr0r‚anobis</strong></span> <span class='ocrx_word' id='word_1_284' title='bbox 882 3907 1023 3962; x_wconf 84' lang='lat' dir='ltr'><strong>dictasint.</strong></span> <span class='ocrx_word' id='word_1_285' title='bbox 1043 3908 1126 3960; x_wconf 90' lang='lat' dir='ltr'><strong>Porro</strong></span> <span class='ocrx_word' id='word_1_286' title='bbox 1176 3917 1232 3970; x_wconf 68' lang='grc' dir='ltr'>επις</span> <span class='ocrx_word' id='word_1_287' title='bbox 1251 3926 1297 3977; x_wconf 84' lang='lat' dir='ltr'><strong>qur</strong></span> <span class='ocrx_word' id='word_1_288' title='bbox 1315 3925 1377 3960; x_wconf 90' lang='lat' dir='ltr'><strong>cum</strong></span> <span class='ocrx_word' id='word_1_289' title='bbox 1394 3908 1630 4030; x_wconf 45' lang='lat' dir='ltr'><strong>lethalwoculum</strong></span> <span class='ocrx_word' id='word_1_290' title='bbox 1646 3909 1703 3963; x_wconf 81' lang='lat' dir='ltr'><strong>ebi-</strong></span> 
     </span>
     <span class='ocr_line' id='line_1_33' title="bbox 601 3976 1703 4047; baseline 0.005 -20"><span class='ocrx_word' id='word_1_291' title='bbox 601 3977 803 4043; x_wconf 80' lang='lat' dir='ltr'><strong>operaepretium</strong></span> <span class='ocrx_word' id='word_1_292' title='bbox 827 3976 914 4039; x_wconf 81' lang='lat' dir='ltr'><strong>fuerit,</strong></span> <span class='ocrx_word' id='word_1_293' title='bbox 936 3995 1017 4045; x_wconf 89' lang='lat' dir='ltr'><strong>supra</strong></span> <span class='ocrx_word' id='word_1_294' title='bbox 1040 3978 1126 4030; x_wconf 84' lang='lat' dir='ltr'><strong>citatis</strong></span> <span class='ocrx_word' id='word_1_295' title='bbox 1176 3977 1267 4040; x_wconf 89' lang='lat' dir='ltr'><strong>bisset,</strong></span> <span class='ocrx_word' id='word_1_296' title='bbox 1291 3987 1380 4030; x_wconf 85' lang='lat' dir='ltr'><strong>tamen</strong></span> <span class='ocrx_word' id='word_1_297' title='bbox 1405 3977 1455 4030; x_wconf 90' lang='lat' dir='ltr'><strong>Dei</strong></span> <span class='ocrx_word' id='word_1_298' title='bbox 1509 3978 1586 4046; x_wconf 86' lang='lat' dir='ltr'><strong>jutus</strong></span> <span class='ocrx_word' id='word_1_299' title='bbox 1609 3980 1703 4047; x_wconf 74' lang='lat' dir='ltr'><strong>gratia,</strong></span> 
     </span>
     <span class='ocr_line' id='line_1_34' title="bbox 603 4043 1703 4116; baseline 0.005 -21"><span class='ocrx_word' id='word_1_300' title='bbox 603 4043 691 4112; x_wconf 78' lang='lat' dir='ltr'><strong>Papiae</strong></span> <span class='ocrx_word' id='word_1_301' title='bbox 714 4044 811 4107; x_wconf 86' lang='lat' dir='ltr'><strong>verbis,</strong></span> <span class='ocrx_word' id='word_1_302' title='bbox 832 4046 883 4097; x_wconf 84' lang='lat' dir='ltr'><strong>alia</strong></span> <span class='ocrx_word' id='word_1_303' title='bbox 905 4047 984 4098; x_wconf 87' lang='lat' dir='ltr'><strong>etiam</strong></span> <span class='ocrx_word' id='word_1_304' title='bbox 1007 4046 1127 4116; x_wconf 87' lang='lat' dir='ltr'><strong>ejusdem</strong></span> <span class='ocrx_word' id='word_1_305' title='bbox 1176 4047 1280 4098; x_wconf 89' lang='lat' dir='ltr'><strong>nullum</strong></span> <span class='ocrx_word' id='word_1_306' title='bbox 1297 4046 1359 4098; x_wconf 88' lang='lat' dir='ltr'><strong>inde</strong></span> <span class='ocrx_word' id='word_1_307' title='bbox 1376 4047 1476 4114; x_wconf 85' lang='lat' dir='ltr'><strong>accepit</strong></span> <span class='ocrx_word' id='word_1_308' title='bbox 1491 4046 1703 4101; x_wconf 87' lang='lat' dir='ltr'><strong>incommodum.</strong></span> 
     </span>
     <span class='ocr_line' id='line_1_35' title="bbox 601 4112 1704 4185; baseline 0.003 -21"><span class='ocrx_word' id='word_1_309' title='bbox 601 4113 752 4165; x_wconf 83' lang='lat' dir='ltr'><strong>testimonia</strong></span> <span class='ocrx_word' id='word_1_310' title='bbox 786 4112 938 4182; x_wconf 83' lang='lat' dir='ltr'><strong>ad&#39;ungere,</strong></span> <span class='ocrx_word' id='word_1_311' title='bbox 968 4115 996 4166; x_wconf 89' lang='lat' dir='ltr'><strong>in</strong></span> <span class='ocrx_word' id='word_1_312' title='bbox 1028 4114 1126 4185; x_wconf 88' lang='lat' dir='ltr'><strong>quibus</strong></span> <span class='ocrx_word' id='word_1_313' title='bbox 1176 4114 1327 4166; x_wconf 77' lang='lat' dir='ltr'><strong>—ldem</strong></span> <span class='ocrx_word' id='word_1_314' title='bbox 1356 4124 1482 4182; x_wconf 84' lang='lat' dir='ltr'><strong>praeterea</strong></span> <span class='ocrx_word' id='word_1_315' title='bbox 1510 4116 1562 4167; x_wconf 87' lang='lat' dir='ltr'><strong>acri</strong></span> <span class='ocrx_word' id='word_1_316' title='bbox 1581 4124 1624 4167; x_wconf 90' lang='lat' dir='ltr'><strong>tor</strong></span> <span class='ocrx_word' id='word_1_317' title='bbox 1653 4117 1704 4169; x_wconf 86' lang='lat' dir='ltr'><strong>alia</strong></span> 
     </span>
     <span class='ocr_line' id='line_1_36' title="bbox 601 4131 1747 4251; baseline 0.006 -19"><span class='ocrx_word' id='word_1_318' title='bbox 601 4181 728 4233; x_wconf 86' lang='lat' dir='ltr'><strong>miracula</strong></span> <span class='ocrx_word' id='word_1_319' title='bbox 747 4131 869 4251; x_wconf 85' lang='lat' dir='ltr'><strong>quaedam</strong></span> <span class='ocrx_word' id='word_1_320' title='bbox 890 4201 922 4235; x_wconf 84' lang='lat' dir='ltr'><strong>ex</strong></span> <span class='ocrx_word' id='word_1_321' title='bbox 942 4183 1054 4235; x_wconf 79' lang='lat' dir='ltr'><strong>alioruin</strong></span> <span class='ocrx_word' id='word_1_322' title='bbox 1074 4183 1126 4235; x_wconf 87' lang='lat' dir='ltr'><strong>fide</strong></span> <span class='ocrx_word' id='word_1_323' title='bbox 1176 4185 1305 4236; x_wconf 90' lang='lat' dir='ltr'><strong>nonnulla</strong></span> <span class='ocrx_word' id='word_1_324' title='bbox 1323 4183 1402 4235; x_wconf 84' lang='lat' dir='ltr'><strong>nudae</strong></span> <span class='ocrx_word' id='word_1_325' title='bbox 1420 4183 1492 4236; x_wconf 91' lang='lat' dir='ltr'><strong>vocis</strong></span> <span class='ocrx_word' id='word_1_326' title='bbox 1510 4191 1550 4235; x_wconf 84' lang='lat' dir='ltr'><strong>tra</strong></span> <span class='ocrx_word' id='word_1_327' title='bbox 1570 4184 1650 4237; x_wconf 84' lang='lat' dir='ltr'><strong>&#39;tione</strong></span> <span class='ocrx_word' id='word_1_328' title='bbox 1669 4184 1747 4250; x_wconf 71' lang='lat' dir='ltr'><strong>adas</strong></span> 
     </span>
     <span class='ocr_line' id='line_1_37' title="bbox 602 4249 1702 4323; baseline 0.005 -22"><span class='ocrx_word' id='word_1_329' title='bbox 602 4266 632 4302; x_wconf 85' lang='lat' dir='ltr'><strong>ac</strong></span> <span class='ocrx_word' id='word_1_330' title='bbox 643 4249 783 4302; x_wconf 87' lang='lat' dir='ltr'><strong>traditione</strong></span> <span class='ocrx_word' id='word_1_331' title='bbox 796 4261 992 4304; x_wconf 87' lang='lat' dir='ltr'><strong>commemorat.</strong></span> <span class='ocrx_word' id='word_1_332' title='bbox 1025 4251 1125 4320; x_wconf 89' lang='lat' dir='ltr'><strong>Philip·</strong></span> <span class='ocrx_word' id='word_1_333' title='bbox 1177 4270 1205 4304; x_wconf 87' lang='lat' dir='ltr'><strong>se</strong></span> <span class='ocrx_word' id='word_1_334' title='bbox 1223 4253 1372 4320; x_wconf 84' lang='lat' dir='ltr'><strong>pervenisse</strong></span> <span class='ocrx_word' id='word_1_335' title='bbox 1390 4260 1510 4314; x_wconf 84' lang='lat' dir='ltr'><strong>testatur,</strong></span> <span class='ocrx_word' id='word_1_336' title='bbox 1523 4269 1606 4306; x_wconf 82' lang='lat' dir='ltr'><strong>novas</strong></span> <span class='ocrx_word' id='word_1_337' title='bbox 1622 4271 1702 4323; x_wconf 88' lang='lat' dir='ltr'><strong>quas·</strong></span> 
     </span>
     <span class='ocr_line' id='line_1_38' title="bbox 602 4318 1703 4390; baseline 0.005 -19"><span class='ocrx_word' id='word_1_338' title='bbox 602 4335 667 4388; x_wconf 89' lang='lat' dir='ltr'><strong>pum</strong></span> <span class='ocrx_word' id='word_1_339' title='bbox 687 4318 793 4390; x_wconf 86' lang='lat' dir='ltr'><strong>quidem</strong></span> <span class='ocrx_word' id='word_1_340' title='bbox 813 4321 973 4388; x_wconf 76' lang='lat' dir='ltr'><strong>Apostolum</strong></span> <span class='ocrx_word' id='word_1_341' title='bbox 991 4338 1046 4373; x_wconf 88' lang='lat' dir='ltr'><strong>uua</strong></span> <span class='ocrx_word' id='word_1_342' title='bbox 1063 4338 1126 4374; x_wconf 88' lang='lat' dir='ltr'><strong>cum</strong></span> <span class='ocrx_word' id='word_1_343' title='bbox 1176 4319 1238 4375; x_wconf 88' lang='lat' dir='ltr'><strong>dam</strong></span> <span class='ocrx_word' id='word_1_344' title='bbox 1251 4322 1349 4374; x_wconf 87' lang='lat' dir='ltr'><strong>scilicet</strong></span> <span class='ocrx_word' id='word_1_345' title='bbox 1361 4319 1507 4375; x_wconf 83' lang='lat' dir='ltr'><strong>Servatoris</strong></span> <span class='ocrx_word' id='word_1_346' title='bbox 1521 4321 1660 4390; x_wconf 82' lang='lat' dir='ltr'><strong>parabolas</strong></span> <span class='ocrx_word' id='word_1_347' title='bbox 1672 4339 1703 4376; x_wconf 82' lang='lat' dir='ltr'><strong>ae</strong></span> 
     </span>
    </p>
   </div>
   <div class='ocr_carea' id='block_1_7' title="bbox 0 0 2187 5150">
    <p class='ocr_par' dir='ltr' id='par_1_9' title="bbox 0 0 2187 5150">
     <span class='ocr_line' id='line_1_39' title="bbox 0 0 2187 5150; baseline 0 0"><span class='ocrx_word' id='word_1_348' title='bbox 0 0 2187 5150; x_wconf 95' lang='lat' dir='ltr'><strong> </strong></span> 
     </span>
    </p>
   </div>
  </div>
 </body>
</html>
