4359 5150
618 440 664 503 84
987 435 1350 502 ANNOTATIONES

619 602 694 667 Mn.
708 603 798 667 Bodi.
814 625 868 667 seu
891 603 988 668 Saeii.
1001 626 1065 668 nne
1084 625 1157 667 eum
1172 603 1282 667 multis
1296 601 1389 665 Nooi.
1406 601 1483 665 Test.
1498 598 1628 685 seriptis
1642 600 1724 665 eodi-

616 705 715 768 nibus.
761 707 845 769 Mox
855 709 908 769 τοῦ
919 711 1051 786 Χριστοῦ
1060 726 1119 789 pro
1135 710 1187 769 τοῦ
1203 705 1312 785 Κυρίου
1322 704 1397 768 MS.
1409 701 1550 785 Norfok.

664 807 746 870 Ibid.
770 807 791 870 l.
814 825 866 871 20.
899 806 1136 891 ὑπομείναντος]
1170 806 1369 891 Interposuit
1390 810 1555 889 sumptam
1576 805 1724 869 emetis

617 908 825 993 Apostolomm
840 908 998 972 Eusebius
1009 908 1162 973 Bersnbae
1176 915 1273 994 etque
1290 906 1441 972 Mettbiae
1451 907 1494 971 ed
1506 906 1723 991 apostolatum

618 1010 880 1075 nominationem.

663 1113 748 1176 Ibid.
771 1116 788 1176 ό
804 1113 892 1180 ἆυτδς
907 1114 945 1179 ὣς
960 1115 994 1176 ἑκ
1009 1112 1216 1195 παραδόσεως]
1242 1113 1280 1178 ὡς
1302 1110 1340 1174 δν
1355 1112 1388 1173 ἐκ
1403 1135 1435 1173 π.
1479 1109 1556 1173 MS.
1577 1109 1672 1174 Βοόί.
1687 1117 1722 1174 ut

615 1235 715 1298 supra
728 1214 838 1299 legunt
854 1235 962 1277 omnes
977 1214 997 1277 1.
1015 1234 1062 1278 10.
1103 1210 1453 1277 Vin.esEuseb.inf1-e.
1492 1210 1524 1273 N
1526 1232 1587 1275 une
1598 1210 1722 1276 eddidit

616 1314 779 1378 Burtouus
817 1314 930 1378 oodieee
961 1315 1050 1378 Moe.
1081 1313 1169 1377 Med.
1198 1313 1308 1376 Γαίου.
1346 1312 1481 1397 deosque
1517 1311 1721 1376 Ferentium.

617 1415 708 1479 Idem
722 1416 770 1478 vir
784 1415 822 1480 ol.
837 1437 947 1479 vooem
962 1416 1166 1497 συγγραφεὺς,
1181 1436 1251 1498 quae
1274 1413 1341 1476 solo
1363 1413 1396 1475 in
1415 1412 1524 1476 eodioe
1547 1412 1655 1477 Veneto
1669 1435 1721 1478 ex·

615 1517 720 1594 tebet,
735 1524 810 1601 post
836 1520 852 1580 δ
878 1517 968 1583 αὐτὸς
990 1522 1078 1580 reete
1100 1515 1217 1579 omisit.
1264 1515 1344 1577 Mox
1370 1514 1488 1578 bebere
1512 1513 1721 1596 Nieepiomm

617 1620 861 1699 σοματιιιότερον
881 1640 941 1703 pro
963 1623 1144 1697 σωματικῶς,
1161 1624 1254 1680 notet
1277 1615 1451 1693 Strothius,
1468 1615 1523 1699 qni
1547 1615 1721 1680 Eusebium

619 1718 731 1784 edidit.

662 1821 700 1883 P.
717 1838 765 1903 13.
780 1821 801 1883 1.
811 1835 843 1905 5.
865 1819 1134 1904 δωρησαμένης]
1162 1819 1319 1883 Eusebius
1329 1818 1398 1882 baeo
1413 1818 1626 1901 interposuit:
1642 1819 1720 1884 exe

615 1922 743 2003 ἡγοῦμαι
757 1925 809 1989 τὰς
823 1924 1026 1988 ἆποοτολικδς
1039 1919 1299 2002 παραδεξάμενον
1314 1918 1466 2001 διηγήσεις
1487 1922 1671 1999 ὑπολαβεῖν,
1684 1922 1720 1984 πδ

616 2024 651 2085 ἒν
675 2025 873 2105 ὑποδείγμασι
897 2024 971 2103 πρὸς
986 2024 1082 2087 αὐτῶν
1101 2028 1247 2102 μυστικῶς
1267 2018 1407 2103 εἰρημένα
1433 2021 1474 2100 μὴ
1498 2024 1718 2103 συνεωρακότο.

615 2127 735 2205 σφόδρα
754 2126 813 2206 γάρ
836 2150 883 2188 τοι
901 2125 1025 2204 σμικρὸς
1047 2123 1254 2197 nortvinus,
1272 2124 1311 2189 ὦς
1326 2122 1363 2186 δν
1379 2124 1412 2185 ἐκ
1435 2127 1494 2184 τῶν
1509 2123 1602 2186 αὐτοῦ
1618 2124 1719 2205 λόγον

614 2226 834 2308 τεκμηρόμενου
849 2229 957 2303 εἰπεῖν,
971 2227 1121 2307 φαίνεται·
1145 2225 1226 2303 πλην
1238 2225 1286 2288 καὶ
1307 2230 1370 2290 τοῖς
1381 2226 1444 2303 μετ’
1460 2224 1552 2287 αι’ντδν
1565 2226 1719 2292 πλείστοις

617 2328 700 2395 όσοις
714 2333 774 2391 τῶυ
789 2330 1053 2406 ἑκκλησιαστικῶν,
1068 2330 1120 2405 τῆς
1135 2327 1238 2405 ὁμοίας
1247 2327 1325 2409 αὐτῷ
1341 2327 1426 2404 δόξης
1437 2328 1591 2407 παραίτιος
1600 2324 1718 2407 γε’γονε,

616 2428 671 2507 τὴν
686 2430 866 2511 ἀρχαιότητα
880 2428 1004 2508 τάνδρὸς
1018 2426 1288 2508 προβεβλημένοις·
1312 2424 1414 2508 ὥσπερ
1428 2428 1482 2491 οὖν
1496 2428 1656 2512 Εἰρηναίῳ.
1671 2427 1720 2491 καί

616 2532 645 2594 εί
654 2554 698 2596 τις
712 2531 808 2595 ἄλλος
821 2534 859 2593 τὸ
872 2530 961 2608 όμοια
975 2535 1097 2610 φρονῶν
1110 2527 1297 2609 ἀναπέφηνε.
1347 2527 1421 2606 Quat
1444 2527 1564 2612 quidem
1585 2530 1634 2593 ne
1653 2528 1717 2613 opi·

616 2641 705 2695 natus
718 2653 776 2695 esse
791 2631 912 2694 videtur
920 2631 1044 2714 Papias
1057 2653 1093 2693 ee
1107 2629 1185 2693 neele
1209 2629 1368 2693 intellectis
1381 2628 1592 2713 Aponeernm
1606 2650 1718 2693 ααττα-

615 2730 752 2802 tionibus,
768 2755 835 2794 eem
848 2754 884 2795 en
898 2755 968 2817 qne>
987 2753 1102 2795 arcano
1121 2731 1252 2815 quedem
1270 2751 1356 2793 eernn
1378 2740 1406 2793 et
1428 2728 1557 2812 οαοινρίί
1574 2750 1667 2793 cenea
1681 2727 1718 2792 οδ

615 2833 680 2896 illis
694 2833 881 2909 dicebantur,
896 2855 954 2895 nen
976 2834 1050 2896 satie
1062 2832 1257 2916 pervidisset.
1303 2833 1381 2896 Fuit
1395 2832 1473 2895 enim
1496 2831 1640 2895 medieni
1664 2831 1719 2896 ed·

615 2935 735 2997 modeim
757 2936 875 3019 inpenio
894 2935 1060 3018 proedites,
1083 2943 1118 2996 nt
1142 2956 1179 2996 en
1208 2934 1333 3017 seriptis
1354 2934 1440 2997 illins
1462 2933 1605 3016 respicere
1627 2935 1715 2998 lieet:

608 3036 766 3120 phrieqne
790 3045 888 3099 taneen
907 3045 977 3119 post
999 3035 1099 3119 ipsene
1124 3035 1345 3098 Eeobsiostiois
1368 3033 1564 3117 sonptoribns
1589 3036 1719 3118 ey'wdem

615 3137 727 3200 erroris
747 3137 925 3200 occasionem
947 3135 1091 3220 praeese,
1115 3136 1242 3200 bertinis
1265 3146 1407 3200 vetustate
1428 3137 1604 3200 senteettiem
1631 3158 1718 3200 neem

614 3238 786 3302 tuentibus:
803 3249 884 3323 puto
900 3239 1029 3313 Ιτοιιισο,
1045 3248 1073 3302 et
1086 3239 1114 3302 si
1128 3239 1196 3322 quis
1209 3238 1292 3302 αίίιις
1307 3239 1435 3321 ejusdem
1449 3239 1600 3322 opinionis
1606 3241 1719 3322 fantes·

614 3342 720 3403 estitit.
777 3341 880 3404 Extat
900 3347 1008 3404 temen
1032 3341 1071 3402 de
1095 3340 1198 3423 Papia
1219 3341 1251 3402 in
1274 3340 1360 3404 edito
1374 3338 1511 3417 Eusebio,
1533 3340 1626 3403 initio
1648 3363 1717 3424 cup.

616 3443 720 3505 xxxvi.
747 3443 841 3525 hujus
864 3441 936 3504 libri
961 3441 1061 3517 tertii,
1081 3462 1231 3525 magnum
1251 3441 1338 3504 istud
1358 3441 1560 3526 praeoonium,
1585 3443 1660 3522 ἀνὴρ
1680 3446 1719 3506 τδ

614 3544 714 3606 πάντα
735 3544 781 3605 ότι
799 3543 933 3621 μόλιστα
957 3543 1139 3622 λογιώτατος
1162 3545 1210 3606 καὶ
1235 3547 1286 3621 τῆς
1307 3548 1424 3625 γραφῆς
1447 3544 1581 3623 είδήμων.
1633 3546 1718 3607 Cum

614 3664 689 3707 vero
703 3643 772 3706 leus
787 3643 851 3706 iste
868 3642 988 3706 absita
1009 3643 1101 3705 eodd.
1117 3643 1220 3706 tribus
1240 3666 1261 3707 α
1273 3644 1402 3708 Valesio
1422 3645 1614 3721 memoretis,
1633 3646 1718 3730 (qui-

614 3746 674 3808 bus
689 3744 868 3807 Soeiiianns
883 3744 914 3807 in
930 3744 1082 3807 Biblioth.
1099 3745 1190 3809 Bodl.
1206 3754 1239 3809 et
1259 3747 1348 3810 sodes
1362 3746 1510 3830 Norsol0„
1526 3754 1560 3809 et
1574 3754 1718 3812 testante

614 3854 758 3911 recenter
777 3847 922 3911 Burtono
946 3847 1032 3910 codd.
1056 3847 1153 3911 Venet.
1175 3856 1208 3911 et
1228 3870 1306 3912 ιιιιιιο
1330 3871 1366 3912 en
1391 3847 1502 3913 debes
1515 3849 1716 3924 Ferentinis,

616 3972 699 4013 nuno
723 3950 860 4013 addendi
883 3951 986 4027 sunt)
1005 3971 1107 4034 neque
1122 3952 1234 4013 eadem
1251 3972 1272 4015 e
1291 3953 1404 4033 Rufino
1423 3951 1597 4035 interprete
1615 3953 1717 4016 veteri

612 4057 815 4136 agnoscetur,
831 4073 894 4114 non
910 4051 1038 4115 dubitat
1053 4051 1105 4114 ille
1120 4052 1322 4117 doctissimus
1335 4053 1492 4128 Valesius,
1516 4074 1653 4137 quonum
1662 4053 1718 4117 elii

612 4152 824 4229 consentiunt,
835 4152 910 4236 quin
925 4153 1072 4217 verbeab
1088 4154 1236 4237 imperito
1251 4156 1390 4238 quodem
1399 4154 1570 4218 scholiasta
1586 4154 1717 4238 edjeete

613 4253 687 4325 sint,
714 4260 832 4336 praeter
858 4253 987 4318 Eusebii
1017 4264 1158 4318 mentem
1181 4264 1279 4339 atque
1304 4255 1506 4320 sententiam.
1561 4254 1717 4320 Desendit

613 4361 721 4417 tamen
737 4354 875 4418 Grebius
893 4356 925 4418 in
949 4357 1059 4442 Spieil.
1075 4364 1152 4420 tom.
1169 4357 1200 4419 ii.
1220 4379 1251 4441 p.
1269 4359 1319 4420 28.
1336 4364 1425 4422 etex
1440 4380 1478 4422 οο
1493 4355 1619 4421 ceillier
1634 4356 1717 4421 Hist.

615 4455 763 4518 θίιιόταίο
783 4456 834 4518 che
849 4458 981 4522 Aetenrs
1002 4462 1073 4522 See.
1088 4469 1115 4521 et
1130 4459 1242 4523 Eeeies.
1259 4469 1334 4522 tom.
1351 4459 1373 4520 i.
1395 4481 1425 4543 p.
1442 4459 1516 4521 686.
1534 4466 1567 4521 et
1583 4458 1716 4522 Gallen-
