4359 5150
586 441 652 502 eos
906 436 1145 519 nnuroonu
1169 433 1340 500 sucum.

582 588 817 673 (Hegesippus)
837 590 875 654 ὡς
889 589 947 668 ἄρα
963 587 1011 651 καὶ
1025 588 1093 653 τοὺς
1107 587 1286 667 κατηγόρους
1304 584 1403 661 αὐτοῦ,
1418 582 1607 664 ζητουμένων
1620 608 1687 647 τοτε

583 704 642 762 τῶν
664 699 723 761 ἀπὸ
746 703 798 776 τῆς
823 701 983 776 βασιλικῆς
1006 695 1160 760 Ἰουδαίων
1185 698 1292 776 φυλῆς,
1315 694 1398 757 ‹bobr›
1424 694 1457 771 ἐξ
1477 693 1568 770 αὐτῆς
1588 694 1685 767 ὄντας,

582 809 697 869 ἁλῶναι
712 804 837 884 συνέβη.
869 813 939 871 Haeo
955 812 1102 870 Eusebius
1115 810 1166 869 lib.
1182 810 1224 866 iii.
1242 810 1322 867 Hist.
1332 828 1357 867 c.
1373 825 1422 882 32.

582 1005 624 1058 nis
643 1014 819 1065 accusatores,
841 1021 904 1057 cum
919 1013 985 1057 tuuc
1005 1012 1108 1083 tempo-
1158 1003 1295 1083 confictos
1319 1019 1378 1055 esse
1401 1000 1476 1073 quod
1499 1020 1534 1055 ex
1552 1018 1585 1055 αα
1606 1002 1686 1071 stirpe

581 1076 724 1127 risomues
737 1072 1022 1142 exregiaJudaeorum
1036 1072 1109 1125 tnbu
1158 1070 1439 1143 ongmemducerent.
1715 1065 1730 1121 5

583 1143 690 1197 oriundi
726 1143 837 1196 sollicite
876 1143 1108 1210 investigarentur‚

951 1348 1317 1398 ..4-

754 1556 809 1617 Εα
823 1551 899 1616 libro
913 1553 1025 1636 quinto,
1040 1550 1103 1614 sivo
1118 1550 1232 1626 ultimo,
1247 1549 1375 1632 podem
1393 1552 1511 1635 Operis.

823 1712 875 1765 DE
894 1709 1097 1764 MARTYRIO
1117 1708 1146 1762 S.
1164 1707 1302 1762 JACOBI
1321 1708 1416 1762 JUST
1418 1708 1440 1763 Ι.

637 1858 848 1962 Διαδέχεται
860 1854 898 1935 δὲ
917 1855 982 1953 τὴν
1000 1853 1197 1953 ἐκκλησίαν
1214 1851 1304 1951 μετὰ
1322 1860 1396 1931 τῶν
1414 1851 1650 1951 ἀποστόλων,
1665 1858 1684 1934 ό

581 1991 741 2097 ἀδελφὸς
754 2000 818 2069 τοῦ
832 1991 966 2091 Κυρίου
981 1986 1168 2084 Ἰάκωβος,
1186 1989 1434 2087 όόνομασθείς
1449 1989 1520 2067 ὑπὸ
1537 1989 1685 2070 πόντων
1697 2024 1728 2061 ιο

581 2129 713 2207 δίκαιος
731 2122 803 2203 ἀπὸ
821 2128 892 2201 τῶν
905 2130 968 2199 τοῦ
981 2123 1115 2223 Κυρίου
1125 2119 1263 2224 χρόνων
1277 2122 1380 2225 μέχρι
1400 2127 1457 2202 καί
1476 2124 1589 2221 ἡμῶν.
1609 2127 1685 2204 ἐπεὶ

580 2261 713 2338 πολλοὶ
728 2254 894 2349 Ἰοἰκωβοι
907 2257 1111 2333 ἐκαλοῦντο·
1134 2256 1262 2338 Ι*οὗτος
1280 2254 1318 2335 δέ
1337 2260 1376 2336 ἐκ
1394 2260 1531 2341 κοιλίας
1549 2260 1685 2361 μητρὸς

581 2395 688 2472 αὐτοῦ
702 2390 802 2492 ἅγιος
812 2389 869 2489 ἦν.
892 2385 1004 2467 Οἶνον
1015 2393 1073 2467 καί
1083 2389 1210 2490 σίκερα
1223 2391 1285 2469 οὐκ
1300 2390 1404 2487 ἔπιεν,
1417 2390 1497 2471 οὐδὲ
1516 2392 1686 2499 ἔμψυχον

580 2525 707 2632 ἔφαγε·
737 2521 848 2630 ξυρὸν
861 2527 918 2604 ε’ττί
936 2521 1002 2621 τὴν
1021 2519 1185 2628 κεφαλὴν
1203 2525 1311 2604 αὑτοῦ
1330 2525 1392 2604 οὐκ
1411 2526 1533 2626 ιίυέβη·
1562 2528 1685 2608 ἔλαιον

581 2664 644 2739 οὐκ
657 2662 844 2764 ἠλείψατο,
864 2662 921 2736 καί
939 2659 1122 2764 βαλανείῳ
1141 2660 1204 2736 οὐκ
1222 2658 1411 2761 ἐχρήσατο.
1442 2660 1557 2766 τούτῳ
1584 2661 1685 2768 μόνῳ
1700 2704 1705 2738 ι
1714 2703 1728 2758 5

580 2795 664 2900 ἐξῆν
683 2800 730 2875 εἰς
749 2792 794 2870 τὰ
813 2791 898 2892 ἅγιοι
914 2791 1069 2869 εἰσιέναι.
1103 2790 1182 2870 οὐδὲ
1201 2791 1272 2893 γὰρ
1291 2795 1411 2893 ἐρεοῦν
1429 2792 1562 2898 ἐφόρει,
1583 2795 1686 2873 ἀλλὰ

579 2929 755 3011 σινδόνας.
776 2932 834 3005 καὶ
852 2926 959 3025 μόνος
975 2926 1161 3030 εἰσήρχετο
1176 2933 1223 3009 εἰς
1242 2926 1305 3005 τὸν
1324 2926 1421 3006 ναόν·
1444 2929 1634 3029 ηὑρίσκετό
1647 2965 1684 3007 τε

579 3065 732 3159 κείμενος
750 3065 806 3139 ἐπὶ
834 3069 906 3142 τοῖς
932 3059 1074 3159 γόνασι,
1098 3064 1155 3137 καί
1174 3058 1376 3158 αἰτούμενος
1400 3061 1487 3161 όιτέρ
1506 3068 1572 3139 τοῦ
1586 3070 1684 3140 λαοῦ

579 3196 720 3300 ἄφεσιν·
735 3199 782 3277 ὡς
794 3193 1056 3290 ἀπεσκληκέναι
1068 3193 1114 3270 τὰ
1126 3195 1262 3295 γόνατα
1273 3195 1381 3271 αὐτοῦ
1393 3197 1493 3292 δίκην
1506 3196 1684 3295 καμήλου,

620 3430 759 3487 Ecclesiae
822 3427 1100 3484 administrationem
1153 3448 1238 3502 quam
1271 3428 1408 3485 totondit.
1457 3429 1564 3504 Neque
1597 3431 1682 3507 ungi,
1696 3447 1732 3484 20

578 3529 714 3565 unacum
732 3506 883 3584 Apostolis
907 3508 1034 3583 suscepit
1049 3506 1100 3562 Jo·
1154 3527 1247 3582 neque
1262 3506 1357 3564 lavare
1377 3508 1480 3564 balneo
1502 3527 1607 3585 corpus
1623 3529 1681 3566 un-

578 3590 667 3645 cobus
698 3588 788 3642 frater
818 3586 948 3652 Domini,
971 3587 1021 3661 qui
1041 3586 1100 3660 jam
1153 3607 1239 3662 quom
1259 3585 1371 3644 solitus.
1414 3586 1500 3645 Unus
1521 3607 1558 3644 ex
1581 3590 1679 3645 omni.

578 3667 645 3724 inde
671 3688 687 3723 u
716 3665 825 3721 Christi
855 3666 1034 3741 temporibus
1065 3665 1101 3722 ud
1153 3667 1207 3722 bus
1230 3666 1258 3722 in
1281 3665 1416 3722 intimum
1433 3667 1535 3744 templi
1560 3681 1680 3726 sunctu-

578 3758 704 3803 nostram
729 3765 819 3819 usque
849 3756 962 3801 aetatem
996 3744 1102 3801 Justus
1152 3746 1244 3801 arium
1273 3745 1452 3821 ingrediendi
1478 3747 1527 3821 jus
1549 3747 1676 3804 fuculta-

577 3826 798 3901 cognominatus
815 3836 869 3881 est.
913 3824 990 3879 Num
1016 3824 1100 3881 multi
1153 3836 1270 3900 temque
1294 3826 1427 3883 babebat.
1469 3827 1576 3902 Neque
1599 3828 1727 3906 enim25

577 3904 695 3980 quidem
721 3902 822 3960 eodem
854 3905 970 3960 nomine
998 3904 1100 3961 Jacobi
1153 3904 1266 3969 lanicio,
1292 3904 1343 3962 sed
1358 3905 1434 3963 linea
1456 3917 1571 3963 tontum
1596 3920 1680 3964 veste

577 3984 762 4042 vocabantur.
820 3983 878 4040 Sed
904 3983 950 4040 hic
979 3985 1013 4040 ob
1039 3985 1101 4060 ipso
1153 3985 1300 4041 utebatur.
1333 3985 1368 4041 In
1383 3985 1524 4063 templum
1541 3986 1622 4044 solus
1634 3987 1678 4043 in·

576 4064 677 4121 matris
692 4074 776 4120 utero
794 4075 911 4120 sanctus
926 4063 993 4120 fuit.
1036 4064 1102 4120 Nee
1154 4077 1238 4132 trare,
1261 4077 1349 4140 atque
1370 4065 1410 4122 ibi
1442 4067 1566 4143 genibus
1595 4066 1678 4124 flexis

577 4144 678 4200 vinum
701 4163 827 4218 unquam
852 4143 924 4199 bibit
949 4163 1002 4200 nec
1030 4144 1101 4199 sice·
1152 4164 1204 4220 pro
1244 4146 1368 4221 peccatis
1409 4146 1511 4222 populi
1553 4146 1677 4224 supplex

577 4243 658 4281 ram:
689 4224 724 4279 ub
753 4223 943 4279 animantium
967 4224 1101 4279 carnibus
1152 4225 1249 4281 Deum
1272 4244 1353 4282 omre
1376 4239 1575 4283 consueverat.
1621 4227 1722 4304 rid-30

577 4305 693 4380 penitus
708 4301 856 4359 abstinuit.
893 4304 1011 4359 Comam
1025 4322 1099 4358 nun·
1152 4324 1187 4359 eo
1201 4315 1234 4360 ut
1249 4323 1343 4380 genua
1356 4305 1448 4383 ipsius
1470 4306 1561 4364 instar
1576 4306 1674 4365 cameli

871 4490 885 4518 ⁸
895 4480 992 4527 Confer.
1004 4479 1064 4525 oud.
1075 4479 1126 4525 xiii.
1140 4492 1162 4537 4,
1173 4496 1195 4542 5.
1208 4492 1232 4529 et
1245 4481 1304 4530 Luc.
1317 4483 1332 4528 i.
1346 4495 1382 4541 15.
