4359 5150
615 433 658 497 72
828 431 1129 508 QUADRATUS
1154 431 1217 493 ET
1242 429 1512 494 ARISTIDES.

616 600 758 659 videatur.
789 600 863 658 Vide
878 600 979 658 Grabii
996 600 1098 678 Spicil.
1115 599 1181 658 ΡΡ.
1197 610 1267 657 torn.
1282 598 1313 655 ii.
1330 619 1359 677 p.
1373 617 1384 655 r
1396 617 1440 674 ¹9·
1454 617 1515 675 seq.
1534 597 1724 655 Esunrcrus.

617 706 719 763 Addas
734 706 856 763 Cariam
871 716 902 763 et
916 705 1104 782 Basnagium,
1118 705 1195 762 inter
1209 722 1240 762 se
1253 715 1350 762 tamen
1365 704 1578 763 dissentientes.
1616 702 1679 761 Sed
1692 722 1726 760 re

616 810 705 867 missa
732 820 868 885 tanquam
898 808 1017 877 incerta,
1046 827 1132 884 quam
1159 808 1305 866 Eusebius
1332 807 1476 865 narrando
1502 807 1581 865 baud
1610 817 1722 865 certam

615 912 745 989 reliquit,
765 924 879 972 tautum
902 914 939 971 de
953 912 1105 984 Quadrato
1119 915 1235 979 notabo,
1250 934 1317 972 eum
1340 915 1377 972 ab
1390 912 1523 973 Auctore
1537 913 1647 992 Operis
1662 913 1723 970 Ad·

617 1041 716 1078 versus
731 1020 947 1098 Cataphrygna,
968 1019 1018 1095 qui
1038 1018 1144 1077 saeculo
1162 1020 1251 1078 tertio
1267 1019 1387 1078 ineunte
1404 1019 1529 1098 scripsit,
1544 1019 1624 1077 inter
1639 1038 1723 1077 veros

615 1124 773 1202 prophetas
795 1142 868 1200 quos
892 1123 995 1200 recipit
1016 1120 1144 1190 ecclesia,
1167 1122 1392 1181 commemorari.
1424 1121 1507 1203 ‘Vid.
1523 1122 1647 1180 Eusebii
1668 1120 1720 1180 lib.

617 1248 645 1285 v.
657 1228 738 1286 Hirr.
758 1248 782 1286 c.
798 1245 843 1302 17.
887 1228 972 1285 Cous.
988 1239 1019 1285 et
1033 1225 1074 1283 iii.
1089 1244 1139 1300 37.

657 1330 786 1391 bCoderr
801 1331 1027 1399 Gemblaoensis,
1042 1350 1128 1408 quem
1152 1329 1298 1389 Suffridus
1320 1331 1401 1389 Petri
1423 1331 1560 1410 inspexit,
1577 1330 1719 1388 Eleusina

616 1457 669 1515 pro
692 1435 869 1494 Eleusinum.
921 1433 1039 1492 Accidit
1060 1434 1116 1491 hoc
1136 1433 1175 1490 A.
1191 1433 1301 1492 Christi
1321 1451 1384 1509 123.
1406 1434 1550 1493 Hadriani
1572 1435 1718 1513 septimo:

615 1541 661 1601 vol
686 1540 777 1599 Hadr.
801 1539 914 1599 decimo
938 1540 1052 1616 quinto,
1075 1537 1186 1596 Christi
1205 1556 1271 1612 131.
1295 1549 1330 1596 ut
1351 1549 1493 1596 memorat
1515 1536 1666 1597 Eusebius
1687 1538 1719 1594 in

616 1648 725 1705 Chron.
757 1647 803 1705 De
832 1645 992 1704 Eleusiniis
1019 1646 1107 1704 sacris
1134 1645 1249 1704 erudite
1274 1645 1424 1703 Meursius
1452 1656 1523 1703 tom.
1538 1645 1576 1701 vi.
1592 1644 1718 1721 Antiqu.

616 1753 745 1810 Gronov.
761 1752 860 1809 Esau.
904 1750 1012 1829 Recepi
1034 1771 1089 1829 ego
1111 1762 1177 1829 post
1199 1749 1386 1816 Vallarsium,
1407 1749 1538 1828 Operum
1561 1749 1593 1807 S.
1611 1750 1719 1807 Hiero-

615 1856 696 1934 nymi
704 1855 845 1914 editorem
856 1854 1168 1922 novissimum,oodicia
1177 1854 1395 1913 Gemblaceusis
1402 1853 1557 1912 lectionem
1566 1852 1717 1919 Eleusina.

614 1980 702 2038 quam
716 1959 792 2018 tueri
811 1960 902 2018 refert
919 1957 1080 2018 Vallarsius
1094 1959 1164 2017 MS.
1176 1958 1385 2017 Veronensum.
1415 1958 1582 2037 Stephanus
1592 1957 1717 2037 Byraut

616 2065 659 2123 De
679 2064 804 2122 Urbibus
819 2084 846 2121 v.
863 2067 995 2131 Ἐλευσὶς,
1010 2064 1098 2121 habet
1117 2063 1239 2121 Ἐλευσὶς
1252 2066 1333 2134 δῆμος
1352 2066 1367 2118 d
1380 2063 1579 2121 Ἱπποθωντίδος
1591 2065 1717 2135 dahiud

614 2171 735 2242 δημότης,
744 2170 914 2228 Ἐλευσίνιος.
931 2169 990 2228 Sed
999 2189 1085 2228 sacra
1095 2168 1236 2226 Eleusina
1247 2168 1324 2247 apud
1333 2170 1543 2247 Hieronymum
1554 2168 1717 2245 significan·

614 2287 682 2346 tur,
696 2296 761 2333 nam
777 2275 817 2333 ita
829 2274 907 2352 loqui
919 2274 1055 2332 maluisse
1066 2274 1187 2332 Latinos
1201 2294 1286 2350 quum
1295 2293 1361 2333 cum
1370 2272 1480 2330 Graecis
1490 2272 1654 2338 Eleusinia,
1664 2292 1714 2329 no·

614 2379 689 2438 tavit
703 2380 739 2438 ad
749 2379 930 2458 Stephanum
943 2377 1124 2436 Holstenius.
1144 2378 1289 2436 Ceterum
1302 2378 1466 2436 Hadrianus
1477 2378 1620 2456 imperare
1630 2377 1717 2456 coepit

615 2483 806 2541 aanoChristi
821 2501 889 2558 117:
905 2483 1226 2556 mortuusestan.138.
1250 2483 1432 2554 Quadratum
1445 2494 1552 2549 autem,
1564 2493 1714 2561 postquam

617 2587 783 2646 Hadrianus
797 2588 924 2647 secunda
933 2588 995 2645 vice
1001 2587 1135 2645 Athenas
1143 2588 1279 2657 venisset,
1288 2587 1450 2666 apologiam
1461 2587 1603 2646 obtulisse
1612 2588 1717 2646 docue-

615 2703 660 2749 rat
670 2692 796 2749 Grabius
813 2693 914 2769 Spicil.
933 2693 998 2749 ΡΡ.
1015 2703 1086 2749 tom.
1102 2691 1133 2748 ii.
1147 2712 1177 2770 p.
1190 2710 1256 2748 122.
1272 2703 1302 2750 et
1317 2712 1395 2768 seqq.
1440 2692 1486 2749 Dc
1496 2692 1639 2750 Hadriani
1650 2714 1717 2752 vero

614 2796 778 2853 initiatione
793 2796 888 2853 locum
905 2798 982 2853 hunc
994 2796 1253 2874 Hieronymianum
1269 2796 1381 2854 confert
1395 2796 1430 2854 cl.
1444 2797 1671 2863 Warburtonus,
1686 2798 1715 2855 in

619 2900 686 2957 Diu.
700 2901 801 2977 Legat.
815 2901 915 2963 Masis,
928 2901 992 2957 Lib.
1003 2901 1033 2958 ii.
1051 2901 1128 2957 Sect.
1144 2921 1172 2972 4.
1184 2921 1211 2978 p.
1226 2920 1240 2957 2
1245 2917 1292 2975 57.
1309 2901 1353 2958 ed.
1369 2901 1489 2978 quintae,
1500 2921 1565 2958 cum
1576 2901 1655 2959 Celsi
1666 2901 1716 2958 illo

615 3004 692 3083 apud
716 3005 873 3081 Origenern
899 3004 1006 3061 Contra
1028 3004 1116 3061 eund.
1142 3004 1262 3072 Celsum,
1286 3003 1337 3061 lib.
1354 3004 1413 3061 viii.
1438 3025 1463 3062 c.
1480 3005 1528 3076 48,
1551 3006 1601 3081 qui
1625 3006 1666 3063 sic
1687 3026 1717 3063 se

614 3111 718 3169 habet:
744 3115 867 3166 Μάλιστα
890 3113 946 3180 μὲν,
972 3107 993 3164 ὦ
1015 3114 1151 3176 fielium,
1179 3108 1391 3182 (Christianum
1416 3109 1570 3186 compellat
1595 3110 1713 3179 Celsus)

614 3217 703 3290 ὥσπερ
717 3221 752 3273 σὺ
766 3221 887 3275 κολάσεις
900 3218 1017 3273 αἰωνίους
1031 3217 1148 3285 νομίζεις·
1169 3214 1235 3270 οὕτω
1256 3218 1296 3270 xci
1315 3219 1339 3270 ol
1358 3221 1409 3271 τῶν
1423 3219 1496 3288 λερῶν
1508 3219 1610 3273 ἐκείνων
1624 3222 1715 3292 3}qu-

615 3326 657 3377 τοὶ
672 3324 794 3377 τελεστοὶ
812 3346 840 3376 re
863 3324 905 3377 καὶ
922 3322 1100 3393 μνστογωγοί·
1121 3317 1151 3378 ὃς
1166 3323 1200 3374 σὺ
1213 3323 1260 3391 μὲν
1273 3325 1327 3377 τοῖς
1341 3322 1432 3378 ἄλλοις
1445 3322 1567 3388 ἀπειλεῖς,
1583 3325 1674 3379 ἐκεῖνος
1688 3326 1717 3379 δέ

615 3450 668 3482 σοι.
714 3428 790 3483 Hinc
812 3427 863 3482 sihi
887 3424 998 3500 colligit
1020 3422 1124 3502 praesul
1146 3425 1354 3500 sagacissimus,
1371 3425 1559 3501 Imperatoris
1575 3426 1716 3484 Hadriani

616 3532 808 3589 initiationem
825 3552 888 3606 quae
902 3530 938 3587 ab
949 3530 1128 3605 Hieronymo
1143 3539 1393 3598 commemoratur,
1409 3529 1521 3587 dedisse
1536 3530 1718 3589 Christiano-

615 3655 680 3692 rum
697 3634 866 3691 adversariis
881 3633 994 3708 injuriae
1009 3633 1150 3691 facienda
1164 3635 1361 3700 occasionem3
1377 3654 1442 3691 cum
1458 3634 1535 3691 enim
1554 3634 1585 3690 in
1600 3635 1718 3693 Gracco·

616 3759 679 3796 rum
704 3740 849 3817 mysteriis
871 3739 981 3795 traduci
1007 3758 1040 3795 ac
1061 3737 1185 3794 derideri
1208 3737 1284 3794 soliti
1307 3738 1418 3794 fuerint
1439 3738 1607 3803 Christiani,
1624 3740 1717 3816 impe-

615 3854 751 3918 ratorque
769 3843 827 3917 jam
851 3843 885 3898 iis
907 3841 1040 3898 (minibus
1061 3842 1194 3899 initiatus
1214 3853 1298 3908 esset,
1322 3842 1433 3899 animus
1454 3842 1517 3917 ejus
1538 3863 1554 3898 a
1575 3843 1717 3921 religione

616 3968 683 4005 vcra
707 3958 778 4004 tuuc
800 3948 937 4022 temporis
961 3945 1081 4003 alienior
1105 3946 1273 4014 habebatur,
1296 3967 1355 4022 quo
1379 3943 1493 4004 facilius
1520 3946 1582 4022 ipse
1610 3948 1718 4006 adduci

618 4063 721 4128 posset.
739 4052 968 4108 Christianorum
991 4063 1024 4108 ut
1039 4052 1221 4107 vexationem
1241 4063 1292 4108 arrt
1314 4052 1458 4128 probaret,
1474 4062 1525 4107 aut
1539 4051 1642 4108 saltem
1659 4054 1717 4110 fer-

615 4168 668 4213 ret.
714 4156 821 4212 Hermu
847 4169 943 4211 alitem
961 4156 1061 4212 harum
1077 4156 1189 4212 exitum
1212 4156 1252 4212 ita
1274 4155 1394 4213 tradidit
1409 4157 1606 4233 Hieronymus
1624 4157 1716 4216 Chro-

616 4262 696 4319 nicon
728 4261 845 4318 Eusehii
874 4263 1090 4338 interpretatus.
1140 4260 1308 4323 erndrulua
1336 4261 1494 4337 discipulus
1518 4262 1716 4338 Apostolorum

614 4377 640 4423 et
657 4366 798 4422 Aristides
814 4365 995 4421 Atheniensis
1006 4364 1193 4441 philosophus
1208 4374 1301 4422 noster
1315 4364 1402 4422 libros
1415 4385 1467 4441 pro
1484 4365 1655 4425 Christiana
1671 4389 1715 4425 re-

614 4473 718 4549 ligione
737 4471 894 4528 Hadriano
915 4470 1017 4527 dedere
1039 4470 1211 4546 compositos,
1236 4479 1261 4527 et
1285 4471 1409 4528 Serenus
1428 4470 1568 4536 Granius,
1592 4472 1715 4550 legatur,
