4359 5150
541 396 597 477 xii
915 390 1213 465 PRAEFATIO.

540 593 816 689 Collectanea,
835 591 992 702 publici
1007 592 1115 702 juris
1134 592 1297 672 faceret.
1358 589 1508 698 Neque
1524 589 1591 693 in-

541 731 709 813 linitum
735 743 810 810 aut
829 728 1004 809 nimium
1026 727 1115 806 fore
1144 724 1325 806 laborem
1345 728 1436 834 ejus
1461 751 1592 832 augn-

543 868 672 961 rabar,
691 866 724 945 si
745 861 1031 946 collectionem
1052 858 1265 942 clauderet
1285 859 1407 968 primi
1427 857 1591 940 Nicaeni

542 998 719 1081 Concilii
752 1011 928 1106 tempus.
985 996 1152 1105 Quippe
1186 1007 1351 1105 tempus
1382 1008 1445 1078 est
1478 994 1593 1076 istud

542 1134 724 1219 ecclesiae
744 1135 929 1242 insigne;
964 1144 1007 1218 et
1026 1132 1069 1215 in
1090 1133 1213 1217 rebus
1231 1131 1502 1214 controversis
1521 1157 1593 1237 ap-

542 1270 685 1379 pellari
700 1269 835 1350 solent
846 1267 1108 1378 potissimum
1121 1264 1351 1373 Patres,qui
1364 1263 1444 1347 hoc
1456 1294 1592 1346 aevum

543 1403 852 1485 antecesserint.
913 1399 1027 1481 lllud
1056 1428 1224 1509 quoque
1250 1401 1449 1481 memoria
1478 1412 1594 1482 tene-

543 1540 649 1632 bam,
669 1538 746 1618 etsi
767 1536 880 1618 haud
899 1536 1039 1644 exigui
1061 1563 1235 1616 numero
1254 1534 1385 1615 sancti
1405 1547 1594 1616 auctores

543 1684 746 1767 extarent,
773 1672 1020 1780 quibuscum
1050 1670 1185 1750 editor
1215 1682 1455 1764 versaretur,
1483 1668 1594 1751 mole

543 1821 683 1889 tamen
701 1806 867 1888 eosdem
883 1833 969 1886 esse
988 1806 1071 1887 beu
1089 1805 1267 1886 nimium
1283 1832 1448 1914 parv0s;
1468 1806 1595 1891 modo

544 1968 654 2022 unus
687 1954 731 2023 et
767 1940 873 2022 alter
906 1942 1178 2050 exciperetur,
1211 1944 1330 2049 cujus
1369 1940 1594 2047 integriora

543 2079 728 2158 membra
761 2076 891 2158 totius
926 2091 969 2158 et
1009 2076 1180 2186 perfecti
1214 2075 1394 2185 corporis
1427 2076 1590 2157 deside-

544 2212 653 2292 rium
672 2213 896 2294 auxerint⁸.
951 2209 1103 2292 Rarius
1120 2212 1303 2319 ipsorum
1322 2209 1444 2313 ῥήσεις
1463 2209 1529 2291 vel
1550 2212 1592 2291 in

544 2348 713 2430 Catenis
742 2349 785 2428 in
816 2349 882 2429 SS.
905 2349 1146 2457 Scripturas,
1173 2346 1238 2428 vel
1268 2348 1309 2427 in
1343 2345 1513 2456 reliquis
1542 2376 1594 2428 ex

544 2484 731 2594 patribus
750 2479 1034 2577 Collectaneis
1059 2481 1235 2562 inveniri
1256 2509 1463 2568 noveram.
1504 2481 1595 2564 Nec

545 2597 742 2728 putabam
756 2619 799 2704 in
813 2614 1158 2698 bibliothecarum
1170 2617 1377 2727 Catalogis
1389 2618 1447 2699 ita
1460 2617 1596 2702 multa

546 2754 728 2836 indicata
758 2781 844 2834 esse
872 2751 1081 2861 opuscula,
1110 2780 1207 2861 quae
1237 2754 1424 2837 nondum
1457 2751 1594 2840 lucem

546 2891 848 3000 conspexerint.
907 2891 988 2971 Sed
1007 2889 1060 2970 de
1079 2888 1144 2970 bis
1163 2888 1273 2970 alibi.

602 3027 822 3135 Sperabam
846 3025 986 3132 igitur,
1013 3025 1046 3104 si
1076 3023 1202 3105 talem
1231 3023 1424 3132 Syllogen
1454 3026 1496 3106 in
1529 3053 1596 3108 me

547 3162 750 3247 edendam
770 3160 1031 3267 susciperem,
1047 3188 1129 3240 non
1146 3159 1235 3241 fore
1250 3173 1298 3241 ut
1318 3159 1447 3241 moles
1467 3161 1595 3243 nimia

546 3297 599 3377 de
616 3294 801 3382 utilitate
823 3299 913 3405 ejus
933 3295 1212 3375 imminueret.
1259 3296 1448 3392 Grabius
1468 3300 1595 3405 probe

547 3433 640 3527 scio,
662 3433 705 3512 in
735 3433 953 3541 Spicilegio
980 3458 1055 3511 suo
1084 3434 1369 3522 sopatrum,
1390 3448 1460 3514 cet.
1482 3437 1596 3542 quod

547 3566 719 3674 quidem
758 3592 862 3673 opus
901 3593 1116 3673 nunquam
1151 3564 1388 3646 absolutum
1419 3579 1492 3661 est,
1527 3569 1595 3648 vix

548 3705 780 3790 vicesimam
829 3717 989 3812 partem
1034 3702 1315 3812 reliquiarum,
1353 3732 1456 3812 quas
1506 3707 1596 3802 edo,

590 3899 603 3929 ⁸
627 3889 675 3954 Ar
697 3889 729 3953 S.
747 3888 919 3973 Dionysius
942 3886 1188 3964 Alexandrinus,
1208 3888 1345 3972 scriptor
1364 3889 1478 3952 doctus
1499 3897 1597 3976 atque

549 3987 685 4070 elegans,
697 3988 787 4072 cujus
801 3987 950 4073 reliquiae
964 3990 1057 4053 odere
1072 3995 1260 4064 statueram,
1272 3987 1419 4073 notisque
1429 3990 1498 4073 jam
1512 3990 1597 4055 illus

549 4097 719 4167 traveram,
734 4089 844 4154 Romae
866 4091 952 4154 haud
975 4091 1021 4155 ita
1043 4090 1166 4175 pridem
1188 4089 1305 4174 prodiit
1327 4090 1439 4163 forma,
1459 4112 1530 4175 quae
1552 4093 1597 4156 di.

550 4191 633 4255 citur
647 4192 678 4255 in
694 4191 777 4256 folio.
818 4193 910 4256 Nunc
926 4215 1051 4277 quoquo
1066 4192 1160 4255 aliam
1176 4191 1348 4256 editionem
1362 4214 1495 4277 comque
1508 4217 1596 4280 egre·

549 4292 634 4378 giam
648 4294 735 4363 brevi
749 4301 930 4364 secuturam
945 4317 1013 4359 csso
1028 4295 1083 4358 sad
1100 4294 1219 4359 frustra
1234 4295 1367 4379 speravi.
