4359 5150
547 468 611 528 400
917 462 1269 528 ANNOTATIONES

548 640 568 670 ‘⁶
584 633 682 695 Roma
697 632 815 695 Henna
828 631 1135 716 aomciipeimcdmta
1149 630 1292 695 cathamo
1306 630 1631 698 erbisliommacelcsia

547 739 567 769 ‘⁴
575 732 639 795 Pio
649 732 790 815 episeopo,
793 733 901 813 fratre
909 731 1001 813 aas?
1026 730 1106 796 Haec
1120 730 1326 795 Moshemius.
1351 731 1472 815 Itaque
1482 740 1540 798 aut
1548 755 1633 817 prope

546 831 657 893 abesse
672 831 797 894 videtur
807 834 934 895 Auctor
947 852 968 894 a
982 832 1085 895 medio
1101 830 1215 896 sarculo
1230 830 1382 907 secundo,
1391 832 1524 914 quando
1536 833 1578 896 ad
1591 854 1635 895 er·

546 932 627 994 itum
642 932 769 1015 quidem
782 932 955 1016 perductus
969 933 1074 996 luerat
1085 931 1137 995 Pii
1151 930 1352 1015 episcopatus
1364 957 1374 1005 ς
1400 938 1460 995 aut
1474 938 1562 996 certe
1575 954 1637 995 con

545 1039 613 1097 stat
627 1054 700 1097 cum
714 1042 791 1098 ante
805 1034 931 1097 finitum
945 1034 1094 1097 saeculum
1110 1055 1167 1097 sua
1181 1031 1352 1115 scripsisse,
1369 1030 1498 1095 etiamsi
1518 1032 1559 1096 de
1572 1053 1637 1096 vera

544 1140 643 1198 aetate
657 1134 799 1217 opusculi
815 1135 954 1197 Paeone
967 1132 1119 1218 appellati
1134 1132 1228 1197 aliter
1242 1152 1338 1215 quam
1358 1131 1421 1195 iste
1441 1131 1564 1208 retulit,
1577 1145 1637 1197 sta·

545 1238 667 1298 tuatur.
712 1234 775 1309 Qui
788 1254 863 1296 vero
877 1234 997 1297 factum
1012 1233 1064 1309 sit,
1080 1241 1118 1297 ut
1138 1232 1177 1296 cl.
1194 1232 1348 1296 Lardncri
1370 1231 1571 1316 diligentiam
1588 1232 1638 1296 boe

547 1333 786 1417 Fragmentum,
813 1354 834 1396 a
858 1333 983 1397 nemine
1006 1333 1158 1410 omnium,
1181 1332 1214 1395 ni
1237 1332 1338 1410 fallor,
1361 1332 1570 1422 repudiatum
1591 1340 1639 1397 ant

545 1432 770 1516 improbatum,
786 1432 941 1516 effligerit,
962 1433 995 1495 id
1016 1433 1138 1496 nescire
1158 1453 1210 1497 me
1231 1432 1343 1509 fateor,
1365 1453 1465 1516 quum
1486 1433 1542 1495 din
1559 1440 1639 1497 ante

544 1553 642 1618 quam
666 1531 743 1594 illud
767 1532 807 1595 de
828 1532 912 1596 Fida
933 1533 1015 1596 Hist.
1038 1533 1232 1617 Evangelica
1255 1532 1348 1617 plane
1377 1532 1543 1617 egregium
1568 1554 1637 1617 cpne

545 1632 648 1696 denuo
662 1632 749 1715 typis
762 1634 804 1696 ab
819 1632 888 1716 ipso
904 1632 1068 1696 Lardnerc
1083 1633 1299 1708 mandaretur,
1311 1632 1417 1717 ipsum
1430 1631 1638 1717 fragmentum

447 1743 449 1746 '
544 1755 617 1797 cum
630 1733 707 1796 orbe
720 1733 846 1796 erudito
861 1734 1129 1798 communicatum
1146 1733 1266 1797 suisset.
1311 1733 1417 1813 Quum
1432 1754 1511 1796 vcro
1532 1754 1639 1818 ponen·

543 1834 604 1896 dus
619 1833 662 1897 sit
675 1840 789 1897 auctor
802 1834 871 1917 ejus
885 1834 970 1898 inter
981 1834 1164 1919 scriptores,
1175 1834 1228 1919 qui
1243 1833 1337 1918 primi
1347 1833 1504 1909 omnium,
1515 1839 1639 1917 excepto

545 1934 656 2017 Papia,
671 1934 713 1996 de
727 1934 929 2019 evangelistis
943 1935 1020 2019 ipsis
1034 1935 1083 1999 vel
1098 1933 1424 2009 commemoraverint,
1440 1932 1491 1997 vel
1508 1933 1639 2017 ipsorum

543 2034 664 2117 scripta
684 2033 819 2117 adjectis
837 2035 1018 2098 nominibus
1039 2034 1241 2119 protulerint,
1259 2033 1327 2098 lieri
1348 2054 1414 2096 non
1436 2040 1558 2118 potest,
1573 2033 1640 2118 quin

543 2134 664 2216 primus
681 2133 733 2197 hic
753 2134 906 2198 librorum
921 2134 1004 2198 Novi
1019 2134 1218 2199 Testamenti
1238 2133 1402 2218 catalogus
1424 2133 1510 2197 curis
1532 2134 1640 2198 nostris

543 2234 657 2318 dignus
683 2240 859 2298 censeatur.
904 2235 966 2299 Est
990 2241 1099 2298 tamen
1125 2233 1158 2296 in
1183 2255 1221 2297 eo
1247 2234 1373 2311 omissa,
1396 2233 1486 2317 quod
1514 2235 1640 2298 multam

543 2342 671 2398 moveat
692 2334 947 2412 admirationem,
962 2334 1098 2419 epistola
1117 2339 1151 2398 et
1171 2355 1295 2417 semper
1314 2342 1348 2398 et
1366 2333 1409 2398 ab
1431 2334 1582 2398 omnibus
1599 2355 1639 2397 re

542 2441 647 2517 cepta,
661 2434 749 2518 prior
769 2435 823 2499 illa
845 2435 878 2499 S.
896 2434 997 2512 Petri,
1018 2433 1058 2498 de
1080 2433 1170 2518 cujus
1192 2433 1386 2497 auctoritate
1407 2454 1503 2498 nemo
1526 2457 1548 2499 a
1568 2441 1640 2499 tem·

542 2534 672 2620 poribus
687 2556 786 2620 usque
801 2534 969 2620 Polycarpi
985 2539 1082 2619 atquc
1093 2533 1203 2618 Papiae
1214 2533 1382 2598 dubitavit.
1417 2532 1553 2620 Istaquc
1563 2536 1640 2601 iacta

542 2642 593 2699 est
604 2634 731 2698 omissio
740 2635 781 2698 ab
793 2642 934 2711 auctore,
947 2634 1001 2719 qui
1011 2640 1134 2697 ceteras
1145 2635 1318 2718 scripturas
1329 2638 1382 2700 τὰς
1390 2636 1636 2716 ὁμολογουμένας,

542 2744 670 2817 tresque
697 2758 737 2796 ex
763 2743 884 2818 septem
911 2735 1163 2814 ἀντιλεγομέναις,
1188 2736 1327 2819 agnovit,
1351 2736 1428 2796 dum
1455 2736 1576 2798 nullum
1601 2738 1640 2797 in·

543 2844 632 2898 terea
654 2835 769 2897 libmm
792 2838 892 2908 νόθον,
914 2857 976 2898 uno
999 2836 1135 2899 fortasse
1158 2844 1301 2919 excepto,
1324 2836 1357 2899 in
1383 2857 1540 2900 canonem
1567 2837 1639 2900 Novi

543 2937 743 3000 Testamenti
759 2938 899 3000 admisit.

585 3037 662 3099 Jam
688 3059 760 3099 vero
791 3038 867 3099 illud
893 3038 1084 3099 monendum
1107 3047 1165 3113 est,
1194 3038 1278 3121 quod
1307 3049 1380 3120 post
1405 3038 1511 3100 editas
1543 3039 1638 3121 prima

542 3139 608 3200 vico
631 3138 725 3199 hasce
746 3138 907 3219 Reliquias
929 3138 1005 3199 mihi
1029 3138 1163 3222 contigit
1183 3139 1305 3211 rescire,
1326 3137 1488 3201 Simonem
1510 3140 1551 3201 de
1572 3141 1637 3201 Illa-

540 3238 659 3320 gistris,
684 3238 784 3299 virum
807 3239 844 3299 cl.
871 3238 922 3320 qui
951 3241 1063 3299 ltomae
1086 3260 1170 3300 anno
1194 3255 1274 3318 1772
1298 3238 1458 3300 Danielem
1481 3241 1638 3303 secaadem

542 3339 659 3399 Lxx.
682 3361 721 3400 ex
744 3339 850 3400 ecdico
872 3338 1020 3401 (lhisiano
1043 3339 1159 3421 publici
1176 3340 1257 3421 juris
1276 3339 1362 3413 feeit,
1381 3340 1413 3400 in
1435 3339 1637 3403 Dissertatio·

541 3439 633 3500 nibus
658 3440 722 3500 suis
746 3440 775 3501 ei
798 3439 910 3513 affixis,
935 3440 1164 3522 Fragmentum
1185 3441 1245 3501 hnc
1267 3440 1528 3502 Muratorianum
1552 3441 1638 3503 collo-

540 3561 647 3612 casse;
663 3540 738 3600 dum
754 3539 786 3600 id
800 3539 907 3621 Papiae
925 3540 1169 3620 Hierapolitanc
1181 3540 1339 3602 vindicare
1354 3562 1411 3622 pro
1424 3540 1508 3602 virili
1524 3543 1636 3605 studet.

542 3640 616 3700 “Ab
628 3640 765 3715 arnieis‚”
777 3639 880 3721 inquit
896 3639 956 3713 ille,
971 3639 1174 3701 “Salomonis
1186 3641 1348 3702 conditum
1360 3641 1456 3704 fuisse
1469 3641 1637 3725 Sapientiae

540 3749 561 3777 “
579 3739 694 3801 librum
709 3740 942 3801 vetustissimus
957 3748 1052 3802 autor
1066 3741 1266 3805 Christianus
1280 3741 1432 3824 prodidit,
1449 3742 1540 3825 eujus
1561 3743 1636 3825 frag-

541 3847 560 3875 “
577 3848 719 3902 mentum
739 3863 778 3902 cx
796 3841 995 3902 Bibliotheca
1011 3842 1225 3904 Ambrosiana
1241 3842 1273 3904 in
1288 3842 1538 3924 Antiquitatibus
1552 3843 1637 3904 aradii

541 3948 560 3974 “
576 3941 642 4015 cesai,
659 3948 867 4022 posteaquam
889 3941 1013 4022 privato
1032 3942 1138 4004 studio
1158 3942 1436 4025 desmipseramus,
1453 3944 1571 4006 iterum
1592 3951 1636 4004 est

541 4040 607 4100 “in
620 4040 803 4102 Bibliotheca
818 4042 952 4102 Petrina
970 4042 1080 4103 Veneta
1097 4043 1281 4105 exhibitum.
1327 4044 1375 4105 At
1387 4043 1480 4126 longe
1491 4065 1513 4106 a
1530 4045 1635 4105 Mura-

540 4145 559 4173 “
577 4139 658 4199 torio
674 4139 796 4200 editore
811 4140 978 4215 distamus,
995 4142 1137 4222 quamvis
1153 4142 1251 4224 ipsius
1262 4141 1415 4224 judicium
1434 4141 1488 4204 alii
1510 4141 1574 4204 sint
1593 4163 1634 4203 se

539 4247 559 4272 “
575 4239 650 4301 cuti.
696 4240 775 4301 Caio
791 4241 874 4301 enim
890 4241 1081 4323 Presbytero
1098 4242 1310 4326 fragmentum
1325 4242 1389 4324 ipsc
1405 4241 1532 4318 tribuit,
1550 4241 1634 4325 quasi

539 4347 558 4373 “
574 4361 647 4401 vero
667 4340 753 4401 istud
771 4341 888 4403 Latine
910 4342 1005 4403 fuerit
1027 4344 1068 4404 ab
1091 4351 1204 4405 autore
1227 4343 1452 4424 coemptum,
1467 4350 1526 4406 aut
1546 4344 1634 4407 caius

539 4447 558 4471 ‘⁸
574 4440 683 4501 eodem
704 4462 846 4504 semionc
866 4464 923 4504 sua
944 4443 1062 4524 scripta
1085 4444 1239 4518 ediderit3
1263 4464 1396 4525 quorum
1418 4452 1569 4508 neutrum
1590 4450 1633 4507 est
