4359 5150
845 1048 1442 1145 ANNOTATIONES

760 1311 814 1393 IN
847 1312 1146 1397 MELITONIS
1174 1313 1524 1399 FRAGMENTA.

996 1581 1288 1604 ——Q--m

638 1776 675 1838 P.
699 1777 803 1859 115.l.
821 1794 850 1858 7.
881 1776 937 1841 'Eu
960 1778 1016 1856 μὲν
1042 1780 1096 1841 οὖν
1118 1784 1180 1844 τοῖς
1199 1780 1267 1858 περὶ
1290 1783 1341 1841 τοῦ
1356 1778 1463 1861 πάσχα
1492 1776 1562 1861 bro]
1609 1778 1691 1840 Haeo

593 1877 704 1941 seribit
724 1878 881 1941 Eusebius
900 1887 973 1963 post
993 1887 1178 1944 enumerata
1202 1902 1311 1964 opera,
1334 1902 1405 1965 quae
1434 1879 1600 1943 Melitouis
1623 1901 1691 1943 esse

593 1987 735 2051 noverat,
752 2001 823 2042 eum
838 1988 999 2043 narrasset
1015 2002 1086 2043 oum
1105 1981 1288 2065 imperatori
1305 1980 1483 2057 Antonino,
1496 1980 1562 2044 sive
1578 1980 1691 2043 Marco

593 2081 725 2144 Aurelio
760 2081 935 2153 Antonine,
971 2081 1125 2146 obtulisse
1150 2083 1340 2147 christianae
1369 2082 1443 2146 fidei
1465 2081 1690 2146 defensionem.

593 2181 749 2266 Reposuit
763 2182 886 2245 interea
901 2183 1064 2246 Strothius
1078 2205 1118 2247 ex
1134 2186 1174 2248 B.
1185 2185 1339 2269 Stephani
1353 2185 1423 2249 odit.
1436 2184 1602 2268 Bufiaiqae
1619 2184 1690 2247 Ver·

590 2284 672 2347 deae
682 2288 722 2367 τῷ
738 2305 796 2367 pro
812 2290 882 2350 τοῖς.
920 2285 954 2347 Is
965 2292 1073 2348 tamen
1085 2286 1246 2370 scripsisse
1259 2286 1435 2350 Eusebium
1449 2292 1545 2370 putat
1559 2286 1600 2369 τῷ
1615 2283 1656 2360 α’,
1670 2306 1690 2347 a

592 2407 656 2468 quo
681 2406 778 2468 supra
799 2386 1035 2449 commemorati
1062 2386 1188 2450 fuerant
1208 2388 1245 2451 do
1261 2386 1379 2472 peseto
1401 2384 1474 2450 iibri
1495 2385 1564 2449 duo.
1610 2385 1690 2449 (ium

593 2509 667 2549 vero
694 2486 866 2549 Valesiaua
891 2486 1096 2549 confirmetur
1119 2487 1214 2551 lectio
1240 2488 1364 2550 duobus
1389 2485 1516 2570 seriptis
1541 2484 1634 2549 Bodl.
1664 2494 1692 2548 et

591 2588 734 2672 Norsok.
750 2595 793 2662 et,
809 2588 869 2651 nisi
885 2589 988 2664 fallor,
1002 2611 1023 2651 a
1037 2589 1216 2674 Nicepioro,
1232 2590 1431 2653 retinendam
1445 2587 1544 2672 igitur
1558 2587 1692 2651 eandem

591 2690 709 2753 oensui.
755 2689 901 2752 Adlitum
917 2711 1040 2772 quoquo
1061 2697 1111 2753 est
1131 2698 1193 2757 τοῖς
1214 2713 1272 2774 pro
1288 2694 1328 2774 τῷ
1348 2689 1482 2774 margini
1503 2687 1692 2771 exemplaris

593 2791 817 2876 Stephanianae
830 2790 906 2852 edit.
919 2792 1002 2873 quod
1018 2791 1050 2852 in
1066 2791 1258 2854 bibliotheca
1270 2792 1361 2855 Bodl.
1377 2793 1574 2854 adservatur.
1599 2790 1690 2853 Nune

592 2893 732 2956 ostendit
748 2892 845 2955 editio
869 2892 999 2954 Eusebii
1020 2893 1230 2967 Burtouiana‚
1247 2902 1358 2956 extare
1380 2899 1443 2959 τοῖς
1465 2892 1498 2955 in
1512 2893 1605 2955 oodd.
1622 2914 1687 2955 om·

591 2995 684 3058 nibus
699 3004 816 3076 praeter
828 2993 956 3077 Ray-ium
970 2994 1164 3056 Florentiam
1179 3003 1212 3057 et
1228 2995 1330 3057 Paris.
1347 3015 1375 3060 2.

638 3097 720 3160 Ibid.
735 3096 755 3159 l.
771 3116 817 3158 10.
831 3096 973 3178 Σάγαρις]
990 3096 1141 3176 Σάγγαρις
1152 3096 1332 3179 appellatur
1346 3117 1367 3159 a
1381 3095 1560 3179 Nicepioro,
1574 3102 1608 3158 et
1619 3116 1691 3178 pro-

592 3198 700 3262 eonsul
725 3199 915 3276 Σερουίλλος,
938 3198 1072 3259 eundem
1101 3219 1175 3260 vero
1206 3198 1340 3261 Rufinus
1370 3198 1509 3281 Seruium
1535 3195 1688 3258 nominat.

594 3302 726 3364 Srnorn.
773 3299 852 3361 Cum
877 3301 1071 3379 Σερουιλλίου
1098 3321 1168 3361 eum
1190 3300 1313 3362 duobus
1333 3308 1354 3361 λ
1375 3299 1407 3361 in
1430 3299 1520 3362 codd.
1544 3296 1689 3360 omnibus

593 3411 710 3487 praeter
726 3401 852 3484 Reqium
867 3407 900 3462 et
923 3400 1063 3463 Venetiae
1087 3401 1257 3464 invenisset
1272 3401 1445 3474 Burtonus‚
1468 3401 1550 3462 hano
1568 3398 1688 3482 recepit

594 3504 794 3586 scripturam.
849 3501 911 3563 Sed
936 3501 1054 3564 familia
1086 3502 1230 3565 Romana
1257 3511 1305 3565 est
1336 3501 1548 3565 Serviliorum.
1600 3500 1689 3563 Vale-

592 3607 657 3670 sius
672 3615 780 3668 autem
794 3605 835 3666 ad
859 3603 955 3665 alium
978 3604 1108 3667 Eusebii
1123 3605 1235 3680 locum,
1260 3605 1363 3688 eapite
1388 3624 1437 3683 24.
1453 3603 1551 3665 libr.
1566 3603 1635 3666 haec
1651 3603 1689 3664 de

593 3707 704 3791 Sagari
722 3707 897 3769 annotavit.
944 3713 964 3742 “
978 3706 1017 3766 Iu
1033 3705 1132 3768 veteri
1147 3706 1373 3790 martyrologio
1389 3706 1472 3788 quod
1493 3703 1593 3768 edidit
1610 3705 1687 3767 Ros

593 3818 612 3844 “
629 3811 746 3893 veydus
756 3808 865 3891 quinto
877 3806 927 3869 die
940 3807 1088 3869 Octobris
1100 3807 1166 3869 haee
1176 3808 1354 3870 habentur:
1370 3807 1533 3870 Emteaiae
1546 3807 1688 3870 Tiraesae

594 3920 613 3949 ‘⁴
626 3911 779 3996 Episcopi,
795 3909 882 3992 apud
895 3909 1060 3990 &myrsam
1075 3911 1217 3981 coronati,
1234 3910 1287 3994 qui
1301 3931 1380 3972 unus
1391 3910 1463 3992 suit
1478 3931 1514 3971 oa
1530 3910 1686 3994 antiquie:

593 4021 612 4048 “
624 4012 685 4075 Die
700 4022 807 4074 autem
823 4017 974 4092 sequente
990 4010 1056 4072 haeo
1071 4017 1244 4074 notantur:
1269 4011 1398 4095 Subaris
1412 4011 1558 4095 Episcopi
1573 4010 1686 4074 Laodi·

594 4123 613 4150 “
625 4115 728 4187 oensis,
743 4113 780 4174 de
794 4112 929 4194 antiquie
945 4111 1044 4174 Pauli
1059 4112 1198 4195 Apostoli
1212 4112 1402 4197 dissipatis?
1432 4111 1611 4196 contigisse
1628 4112 1686 4174 hoo

592 4215 779 4299 martyrium
794 4214 918 4276 videtur
935 4213 1037 4275 Marci
1054 4214 1175 4276 Aurelii
1187 4215 1391 4298 temporibus,
1405 4214 1518 4298 quibus
1533 4221 1566 4278 et
1576 4235 1685 4298 passus

592 4325 641 4381 est
671 4317 791 4380 Beatus
829 4314 1033 4397 Polycarpus‚
1066 4316 1203 4399 apostoli
1233 4316 1368 4380 Joannis
1390 4313 1574 4398 discipulus,
1599 4314 1685 4399 eujus

591 4417 742 4480 benevola
757 4424 854 4499 atque
869 4415 969 4479 amica
984 4416 1137 4480 dissensio
1158 4419 1200 4482 ab
1222 4418 1359 4482 Anieeto
1380 4417 1528 4500 episeopo
1543 4415 1685 4479 Romano
