4359 5150
610 431 654 501 90
847 428 1042 495 ΑΝΝΟΤΤ.
1067 429 1119 495 ΙΝ
1142 430 1328 497 AGRIPP.
1351 430 1475 498 OAS'l'.

610 618 690 682 quos
717 596 904 662 adduxisset
932 618 1039 661 secum
1067 597 1224 663 Basilides
1251 599 1294 663 ab
1323 598 1446 663 oriente
1467 597 1713 663 Alexandriam.

610 700 682 765 Vid.
714 720 795 784 opus
825 698 980 764 Lardneri
1009 708 1193 785 postumum
1222 700 1359 785 Anglice
1389 700 1553 785 scriptum,
1581 700 1633 763 cui
1658 701 1712 766 tit.

608 789 833 868 Haerctioomoa
854 803 1006 877 Ηῐαοκία,
1030 802 1084 867 lib.
1107 802 1138 867 ii.
1162 825 1232 887 cap.
1256 820 1285 869 1.
1308 808 1387 868 sect.
1410 821 1463 886 31.
1508 802 1714 867 Barcabbam

608 912 718 970 sutem
726 904 917 991 prophetam
927 905 1086 989 quendam
1098 904 1259 969 Gnosticis
1267 902 1426 982 attribuit
1434 903 1564 989 ejusque
1573 904 1713 969 nominis

609 1014 739 1093 etymon
758 1008 862 1085 docet,
879 1006 1086 1092 Epiphanius,
1103 1005 1136 1069 in
1150 1006 1266 1069 Hieras.
1282 1004 1379 1069 xxvii.
1394 1025 1480 1069 num.
1497 1026 1526 1071 1.
1542 1028 1573 1090 p.
1589 1005 1643 1091 83.
1659 1007 1710 1071 ed.

608 1110 746 1175 Petavii.
800 1110 873 1174 Hoc
899 1109 1034 1193 denique
1058 1108 1187 1185 notabo,
1208 1108 1241 1170 in
1261 1107 1369 1172 multis
1390 1113 1459 1172 tam
1481 1105 1588 1170 Rufini
1611 1129 1712 1191 quam

608 1209 797 1293 Hieronymi
819 1209 979 1274 codicibus
1000 1208 1143 1273 exhiberi
1164 1209 1233 1273 hsec
1255 1208 1384 1274 nomina
1405 1209 1451 1274 sic
1472 1210 1601 1294 scripta,
1625 1211 1710 1273 Bar·

607 1312 724 1377 claim
741 1318 775 1376 et
789 1309 920 1389 Borocb,
934 1312 991 1375 sed
1004 1309 1199 1375 Borclodam
1216 1317 1250 1375 et
1263 1310 1437 1376 Barclubcs
1450 1311 1484 1374 in
1498 1311 1581 1375 Hirr.
1596 1312 1711 1397 Rspice

607 1415 683 1479 Ma.
705 1414 909 1479 membraneo
931 1414 1062 1500 collegii
1085 1414 1118 1479 S.
1143 1414 1285 1500 Magdal.
1307 1414 1434 1479 Oxonii.
1479 1414 1591 1479 Habet
1614 1420 1710 1496 Βορκ-

609 1520 708 1595 καβᾶν
729 1537 802 1580 cum
827 1515 1029 1581 circumflexo
1049 1517 1119 1581 cod.
1144 1517 1249 1582 Paris.
1269 1517 1290 1579 i.
1314 1516 1348 1580 in
1367 1534 1460 1581 usum
1484 1516 1622 1581 Burtoni
1646 1515 1709 1580 col·

606 1617 703 1693 latus,
719 1623 901 1702 Βαρχωχεᾶς
913 1639 972 1702 pro
992 1620 1122 1700 Βαρκὸφ
1135 1636 1218 1682 unus
1237 1641 1256 1683 e
1275 1618 1366 1682 codd.
1383 1617 1577 1682 Florentinis
1590 1640 1613 1682 a
1627 1618 1708 1683 Gro-

608 1720 701 1784 novio
716 1720 877 1805 inspectis.
919 1719 1037 1783 Totum
1051 1726 1161 1784 autem
1175 1720 1264 1785 istud
1285 1741 1385 1805 usque
1406 1721 1448 1786 ad
1467 1742 1577 1785 vocem
1597 1739 1708 1799 σνστη·

608 1820 743 1901 σάμενον
756 1822 790 1884 in
804 1821 912 1885 codice
927 1821 1058 1885 Eusebii
1068 1822 1159 1886 Bodl.
1176 1844 1231 1887 seu
1247 1824 1346 1887 Socii.
1361 1823 1513 1887 omissum
1527 1831 1589 1888 est.

650 1924 690 1988 P.
706 1922 759 2005 87.
774 1924 795 1987 1.
813 1945 862 1988 10.
879 1926 928 1988 καί
945 1926 1057 1991 ἄλλους
1076 1921 1278 2005 ἄνυπόρκτους
1296 1926 1392 2011 τινὰς]
1408 1927 1546 1989 Frustra
1565 1924 1707 1989 Christo-

606 2025 784 2112 phorsonus
797 2025 916 2111 ααρεῑοε
928 2025 980 2089 hic
995 2026 1137 2105 inseruit,
1153 2028 1243 2112 quasi
1263 2027 1297 2091 in
1316 2027 1447 2092 Eusebii
1467 2033 1561 2092 textu
1585 2026 1708 2111 aliquid

606 2129 741 2192 deesset.
787 2126 910 2192 Verum
924 2128 1081 2193 Eusebius
1096 2135 1224 2193 tantum
1239 2130 1279 2194 de
1293 2129 1457 2215 prophetis
1470 2129 1614 2213 loquitur
1628 2150 1707 2212 quos

605 2230 666 2294 sibi
691 2235 888 2294 commentus
916 2229 1023 2295 fuerat
1049 2230 1215 2297 Basilides.
1260 2233 1371 2317 Atque
1396 2233 1443 2297 ita
1467 2231 1552 2295 hunc
1574 2228 1707 2295 Eusebii

604 2332 710 2398 locum
730 2339 922 2417 acceperunt
945 2332 1164 2419 Hieronymus
1185 2334 1218 2398 in
1240 2334 1406 2421 Oatalogo,
1426 2334 1481 2399 ubi
1503 2335 1544 2398 de
1559 2333 1706 2418 Agrippa

606 2433 740 2499 Oastore
764 2433 913 2519 loquitur,
937 2441 971 2499 et
992 2434 1207 2501 Theodoritus
1231 2436 1265 2500 in
1286 2436 1341 2501 lib.
1364 2436 1392 2499 I.
1415 2435 1640 2501 haereticarum
1660 2433 1706 2497 fa
1753 2477 1784 2488 .-

605 2538 761 2615 bunum,
778 2542 811 2601 ct
826 2536 1025 2622 Nicephorus
1038 2537 1072 2601 in
1085 2537 1168 2603 libro
1182 2544 1317 2623 quarto.
1353 2539 1513 2602 Vsnrsms.

649 2638 732 2703 Ibid.
746 2639 770 2702 l.
789 2640 867 2702 16.d
885 2639 1047 2723 εἰρημένος]
1063 2642 1079 2703 d
1097 2642 1254 2721 Εἰρηναῖος
1272 2640 1472 2725 Niocpioras,
1488 2639 1545 2703 sed
1559 2638 1655 2714 male,
1672 2645 1706 2701 et

606 2741 722 2805 erroris
744 2740 898 2825 originem
922 2741 1021 2805 habes
1043 2741 1076 2804 in
1100 2742 1189 2806 MSti
1209 2742 1348 2806 Norfolc.
1370 2743 1528 2826 scriptura
1550 2744 1566 2803 ὁ
1592 2740 1706 2822 εἰρημέ-

608 2869 700 2910 valo&

649 2943 733 3007 Ibid.
750 2943 770 3005 1.
785 2961 837 3028 32.
855 2944 881 3007 si
893 2945 990 3028 juxta
1010 2947 1194 3010 Graecorum
1214 2969 1380 3010 numerum
1394 2950 1597 3031 supputetur]
1622 2950 1705 3011 Cou-

604 3043 690 3108 111111
719 3066 816 3129 supra
840 3047 883 3108 ad
906 3047 1092 3130 Hieronymi
1121 3048 1161 3111 de
1190 3047 1339 3132 Agrippa
1367 3046 1500 3111 Castore
1529 3047 1705 3130 capitulum

605 3144 763 3209 Massueti
789 3152 909 3210 notam.
968 3148 1129 3212 “Eodem
1162 3149 1312 3234 Agrippae
1340 3149 1454 3225 libro‚''
1486 3148 1533 3212 ait
1565 3149 1705 3213 Grabius

602 3248 713 3332 Spicil.
740 3249 799 3312 vol.
826 3249 858 3311 ii.
887 3272 918 3333 p.
951 3252 1021 3317 116.
1050 3258 1069 3288 “
1085 3258 1119 3315 et
1151 3251 1312 3315 Isidorum
1344 3248 1492 3314 Basilidis
1522 3247 1624 3312 filium
1657 3273 1704 3314 re-

604 3357 623 3386 “
639 3351 779 3415 fututum
794 3373 873 3424 esso,
889 3351 948 3414 viri
963 3353 1093 3437 quidam
1108 3354 1226 3417 eruditi
1241 3353 1435 3437 collegerunt
1449 3375 1489 3417 ex
1508 3352 1705 3417 Theodoreti

604 3459 623 3488 “
637 3451 691 3515 lib.
714 3452 741 3513 Ι.
769 3452 892 3517 Haeret.
918 3453 1030 3517 Fabul.
1057 3477 1126 3539 cap.
1151 3476 1184 3536 4.
1230 3454 1293 3519 Sed
1316 3454 1411 3538 hujus
1434 3453 1530 3517 verba
1553 3453 1706 3538 ambigua

604 3565 624 3587 “
640 3560 732 3616 sunt:
755 3575 857 3637 neque
879 3555 939 3619 hac
960 3557 1054 3621 dere
1074 3555 1226 3621 certiores
1245 3555 1314 3620 fieri
1334 3577 1511 3640 possumus,
1526 3554 1602 3638 quia
1624 3555 1704 3618 liber

603 3661 625 3694 “
640 3653 794 3739 Agrippae
809 3678 939 3739 prorsus
952 3659 1057 3742 periit,
1074 3659 1316 3743 necquicquam
1333 3657 1402 3741 ejus
1420 3662 1564 3741 superest
1585 3665 1705 3741 praeter

603 3762 623 3792 “
639 3752 703 3818 ista
722 3778 762 3819 ex
778 3756 916 3821 Eusebio
933 3759 1225 3844 Hieronymoque.”
1272 3759 1379 3822 Verba
1399 3758 1591 3822 Theodoreti
1615 3768 1701 3836 sunt,

603 3857 662 3920 Kal
671 3858 823 3938 Ἰσίδωρος
837 3862 870 3923 δὲ
885 3862 901 3922 ὁ
917 3865 969 3924 τοῦ
982 3863 1144 3924 Βασιλίδου
1158 3861 1229 3933 vids,
1246 3859 1321 3940 μετά
1335 3886 1415 3926 τινος
1430 3860 1568 3939 ἓπιθήκης
1583 3862 1639 3938 τὴν
1651 3868 1703 3924 τοῦ

602 3960 713 4041 πατρὸς
726 3962 910 4041 μυθολογίαν
926 3962 1076 4042 ἐκράτυνε·
1094 3968 1340 4044 καταγωνίζονται
1351 3964 1383 4025 δὲ
1394 3963 1525 4039 τούτους,
1534 3964 1703 4043 Ἀγρίππας

602 4059 683 4122 ὁκαὶ
700 4060 826 4141 Κάστωρ
847 4063 980 4140 ἐπίκλην,
998 4065 1045 4126 καὶ
1066 4067 1232 4144 Εἰρηναῖος,
1249 4065 1297 4127 καὶ
1320 4062 1443 4142 Κλήμης
1462 4065 1478 4125 d
1500 4066 1703 4145 Στρωματεὺς,

602 4161 650 4228 καί
673 4160 843 4242 Ὠριγένης,
867 4169 918 4242 τῆς
944 4167 1085 4241 ἀληθείας
1110 4169 1359 4247 ὑπερμαχοῦντες.
1406 4163 1492 4229 Dum
1514 4187 1589 4229 vero
1616 4167 1703 4230 aliud

601 4268 757 4346 praeterea
772 4287 851 4349 opus
866 4275 979 4330 contra
989 4268 1156 4332 haereticos
1166 4268 1208 4331 ab
1222 4267 1368 4352 Agrippa
1379 4269 1595 4353 couscriptum
1607 4270 1703 4334 inisse

601 4386 641 4428 ex
666 4364 716 4428 his
740 4366 844 4430 verbis
867 4367 985 4453 colligit
1010 4368 1137 4433 Ceiilier
1156 4370 1293 4433 Histoire
1319 4370 1467 4434 Gemma
1493 4371 1543 4435 des
1566 4375 1702 4438 1411111111

601 4467 714 4531 Eccks.
730 4474 817 4532 tome
833 4469 861 4532 Ι.
878 4491 908 4553 p.
926 4473 998 4552 692.
1013 4471 1045 4533 id
1060 4470 1137 4535 mihi
1153 4471 1280 4556 quidem
1296 4493 1359 4535 non
1374 4473 1556 4555 persuadet.
