4359 5150
538 371 649 440 xxxvi
907 370 1212 443 PRAEFATIO.

539 566 672 647 tiones
700 567 774 647 viri
805 567 915 649 docti
944 569 1078 649 obiter
1107 568 1416 676 suggessissent,
1444 594 1512 649 eas
1540 565 1582 647 in

541 702 650 782 notis
671 702 870 793 indicavi3
904 729 1084 811 namque
1109 703 1283 785 eandem
1304 705 1356 784 ab
1379 703 1585 783 erroribus

540 837 767 918 immunem
785 864 882 933 esse,
894 837 982 945 ipso
994 849 1191 945 tempore,
1203 864 1288 945 quo
1299 835 1467 946 prodiit,
1479 864 1585 917 non*

540 970 641 1052 nulii
665 988 933 1080 negaverunt.
976 972 1072 1053 Vid.
1091 970 1286 1054 Buliiaidi
1306 973 1361 1054 ad
1381 972 1434 1054 N.
1454 972 1587 1054 Hein-

539 1109 647 1189 sium
678 1108 812 1218 Epist.
837 1137 929 1219 pag.
949 1111 1045 1190 601.
1071 1120 1170 1189 tom.
1192 1137 1229 1188 v.
1256 1110 1586 1192 Burmanniance

539 1245 824 1354 Epistularum
846 1246 1041 1354 Sylloges.
1087 1244 1168 1325 Sed
1187 1245 1467 1354 praestantiam
1494 1248 1584 1353 ejus

540 1380 622 1461 huc
638 1408 769 1490 usque
785 1380 870 1462 fere
885 1408 1027 1462 omnes
1043 1378 1345 1462 collaudarunt.
1394 1379 1462 1460 Ad
1477 1406 1588 1460 sum-

542 1542 662 1609 mam,
683 1543 735 1594 ne
760 1541 963 1622 exponam
983 1514 1037 1595 de
1066 1514 1250 1622 singulis,
1270 1514 1314 1594 in
1343 1510 1432 1595 aliis
1452 1513 1588 1595 Inter-

541 1651 842 1759 pretationibus
863 1651 1023 1731 Latinis
1046 1648 1347 1760 interpolandis
1364 1649 1495 1731 fateor
1521 1676 1588 1730 me

541 1787 686 1896 majori
700 1785 911 1867 interdum
926 1784 1091 1867 licentia
1106 1813 1246 1879 usnm3
1266 1783 1500 1894 aliquando,
1515 1784 1586 1865 ubi

542 1921 670 2003 nullae
690 1922 859 2003 omnino
885 1922 1000 2030 prius
1019 1921 1264 2015 extitissent,
1286 1948 1410 2001 novas
1429 1916 1589 2028 aliquot

542 2058 652 2139 cudi.
696 2057 836 2166 Atque
856 2058 898 2136 in
920 2056 969 2137 iis
985 2069 1162 2152 tantum,
1177 2058 1247 2137 ubi
1265 2070 1340 2137 aut
1353 2085 1429 2164 ego
1448 2053 1589 2163 aliqua

541 2194 800 2289 mutaverim,
814 2204 889 2273 aut
903 2203 1031 2273 totam
1047 2193 1433 2300 interpretationem
1447 2190 1589 2271 eondi-

542 2329 685 2424 derim,
698 2327 861 2436 cuipam
878 2355 1063 2407 errorum
1084 2355 1150 2409 me
1170 2326 1372 2408 sustinere
1393 2323 1529 2406 velim.

598 2464 664 2543 De
693 2462 1046 2544 Annotationibus
1079 2463 1181 2543 meis
1215 2459 1319 2541 nihii
1348 2462 1445 2559 iere,
1473 2464 1590 2570 quod

542 2600 688 2693 dicam,
707 2598 850 2692 habeo,
870 2596 948 2677 nisi
968 2597 1099 2677 varias
1130 2595 1221 2677 iilas
1240 2625 1327 2686 esse
1354 2597 1590 2707 diversique

541 2736 713 2844 generis
774 2731 889 2814 Nihii
926 2731 1111 2840 profecto
1140 2762 1190 2813 ex
1221 2734 1404 2841 partium
1438 2735 1591 2832 studio,

541 2870 776 2980 posthabita
797 2870 982 2964 veritate,
1001 2869 1115 2975 quod
1134 2867 1251 2963 absit,
1270 2881 1344 2948 aut
1363 2866 1496 2964 attuli,
1516 2880 1591 2949 aut

542 3007 680 3101 celavi,
698 3018 773 3086 aut
801 3005 983 3112 denique
1009 3005 1199 3097 tractavi;
1230 3005 1483 3085 econtrario
1512 3003 1590 3086 hoc

543 3144 631 3239 feci,
652 3154 701 3224 ut
720 3143 860 3223 omnia
876 3141 1036 3251 judicio
1055 3139 1274 3220 hominum
1290 3138 1419 3222 libere
1437 3151 1480 3221 et
1495 3168 1592 3221 can.

543 3282 640 3362 dide
660 3294 1002 3388 proponerentur.
1060 3277 1155 3364 Quo
1175 3272 1334 3355 facilius
1358 3302 1529 3382 magnos
1548 3290 1592 3356 et

542 3413 694 3495 muitos
706 3441 862 3494 errores
881 3440 993 3492 meos
1012 3409 1114 3491 mihi
1131 3411 1414 3492 condonatum
1428 3411 1478 3491 iri
1494 3439 1592 3492 con-

542 3550 682 3629 fidam.
730 3547 800 3627 Sin
831 3545 960 3641 aliter,
989 3559 1116 3653 atque
1145 3546 1268 3625 etiam
1304 3545 1346 3624 in
1377 3558 1590 3627 eontume

544 3684 641 3765 liam
676 3710 809 3763 meam
838 3709 918 3761 non
952 3679 1061 3760 mala
1092 3693 1269 3774 tantum,
1303 3681 1376 3761 sed
1405 3693 1447 3761 et
1481 3681 1592 3762 bona

546 3828 770 3910 vertentur,
783 3843 865 3896 non
883 3843 1024 3896 recuso
1039 3828 1190 3896 sortem
1208 3816 1301 3895 vitae
1315 3844 1590 3896 communem.

545 3952 712 4030 [nterea
731 3948 889 4030 nullius
907 3950 1086 4030 auctoris
1109 3964 1183 4030 aut
1208 3950 1367 4046 scrinia,
1387 3962 1461 4031 aut
1481 3955 1589 4060 pub·

544 4086 611 4167 lici
637 4086 743 4194 juris
769 4086 877 4166 iacta
905 4085 1066 4192 scripta,
1099 4084 1340 4195 compilavi;
1384 4088 1511 4167 immo
1547 4090 1589 4169 in

543 4248 617 4307 sua
632 4221 782 4328 cuique
796 4220 1018 4309 tribuendo
1031 4248 1183 4315 vereor,
1196 4249 1248 4301 ne
1261 4221 1414 4310 nimius
1426 4222 1591 4315 fuerim;
