4359 5150
554 426 618 489 128
929 426 1281 492 ANNOTATIONES

552 593 684 669 «lumini,
701 601 737 657 ut
757 602 847 677 patet
866 615 905 657 ex
921 596 983 658 line
1003 595 1188 679 posterioris
1203 594 1417 680 Apologetici‚
1434 594 1488 657 ubi
1504 592 1526 656 J
1531 594 1656 658 ustinus

552 694 599 758 ita
612 695 771 779 loquitur:
790 698 837 760 rol
852 699 926 775 ὑμᾶς
939 702 992 759 νῦν
1007 678 1153 775 ἀξιοῦμαι,
1165 696 1400 779 ὑπογράφοντας
1411 696 1445 758 τὸ
1456 698 1527 774 ὑμῖν
1542 700 1656 769 δοκοῦν,

551 802 706 876 προθεῖναι
732 801 817 859 τοῦτο
847 799 1011 875 βιβλίδιον.
1057 798 1153 863 Certe
1175 797 1353 862 orationem
1379 796 1464 860 illam
1491 796 1657 861 Melitonis

551 896 629 959 nihil
658 897 745 959 aliud
775 898 871 961 luisse
901 921 997 982 quam
1022 898 1163 963 libellum
1187 921 1316 985 precum
1345 898 1489 963 oblatum
1519 897 1656 982 impera·

551 997 614 1061 tori
636 1006 726 1081 patet
748 1020 788 1061 ex
809 999 989 1084 fragmento
1003 1001 1057 1064 illo
1073 1002 1158 1085 qnod
1177 1001 1299 1086 profert
1318 1000 1484 1078 Eusebius,
1501 1002 1612 1078 ταύτην
1626 1002 1657 1063 a

551 1124 601 1162 σοι
614 1101 710 1178 μόνην
724 1100 937 1180 προσφέρομεν
952 1102 1066 1180 δέησιν,
1078 1104 1136 1166 &a
1152 1101 1319 1166 Vetusius.

596 1201 679 1264 Ibid.
702 1202 721 1264 l.
741 1222 792 1285 23.
815 1202 860 1265 Τὸ
881 1206 940 1283 γάρ
966 1204 1174 1267 οὐδεπώποτε
1201 1205 1365 1284 γενόμενον
1392 1204 1464 1290 &c.]
1497 1202 1656 1266 Eusebius

550 1302 722 1386 praemisit:
746 1304 801 1366 Ἐν
816 1306 849 1366 δὲ
871 1308 911 1387 τῷ
926 1303 999 1384 πρὸς
1025 1303 1077 1367 τὸν
1099 1303 1299 1385 αὐτοκράτορα
1316 1306 1429 1389 βιβλίῳ
1451 1304 1574 1369 τοιαῦτά
1589 1329 1655 1368 τινα

550 1403 613 1467 καθ’
638 1406 720 1484 ἡμῶν
743 1404 786 1468 ἐπ’
815 1405 905 1467 αὐτοῦ
930 1404 1090 1485 γεγονέναι
1118 1406 1240 1486 ἱστορεῖ.
1294 1411 1350 1468 ΤΟ
1369 1410 1427 1487 γάρ
1446 1408 1516 1471 οὐδὲ
1536 1408 1654 1471 πάποτε

549 1507 714 1586 γενόμενον
736 1508 792 1569 &a
837 1506 913 1568 Jam
936 1527 1002 1568 cero
1024 1506 1059 1568 ν’τι
1080 1528 1112 1569 eo
1135 1504 1212 1569 libro
1232 1530 1319 1591 quem
1334 1509 1521 1593 Imperatori
1540 1530 1653 1572 nuncu·

543 1609 635 1691 pacit
660 1608 722 1671 bec
744 1607 797 1671 itt>
823 1617 965 1691 τοριιατινο
983 1606 1131 1676 ,adverae
1156 1607 1344 1672 Christianos
1363 1619 1446 1694 pecta
1468 1630 1528 1673 ecce
1550 1612 1652 1694 refert

551 1707 678 1790 QUOD
694 1709 787 1785 enim,
804 1709 916 1793 iuquit,
932 1730 1094 1792 nunquam
1109 1717 1207 1773 antea
1220 1709 1342 1773 laetum
1357 1710 1455 1775 luerit
1471 1713 1528 1775 &c

594 1810 676 1874 Ibid.
692 1811 712 1873 l.
731 1829 780 1889 24.
804 1810 838 1872 τὸ
854 1815 912 1872 τῶν
928 1811 1098 1893 θεοσεβῶν]
1124 1810 1158 1873 τὸ
1173 1815 1234 1875 πᾶν
1248 1817 1306 1875 τῶν
1321 1817 1347 1875 θ.
1374 1811 1542 1897 θάηὲτίορά.
1559 1813 1650 1877 Lecti.

550 1913 664 1977 Paullo
678 1920 755 1977 ante
781 1912 815 1975 οὐ
841 1913 960 1975 πάτοτε
975 1910 1107 1996 Νἱτνρά.
1123 1912 1210 1996 apud
1234 1934 1328 1995 quem
1351 1934 1520 1997 perperam
1541 1912 1652 1979 distin-

547 2022 689 2101 guantur
704 2014 772 2077 baec
787 2013 892 2077 verba.
918 2015 1099 2076 Srnornrus.

593 2118 631 2181 P.
657 2121 728 2180 116.
752 2117 771 2179 l.
798 2138 825 2179 1.
844 2122 903 2178 τῶν
929 2117 1097 2196 ἀλλοτρίων
1122 2114 1260 2200 ἐρασταὶ]
1285 2116 1336 2178 Ex
1358 2117 1408 2179 his
1432 2116 1535 2179 verbis
1551 2139 1648 2202 prope

548 2227 670 2283 certum
699 2240 766 2282 esse
791 2217 839 2281 ait
863 2217 901 2280 cl.
929 2216 1138 2292 Mosbemius‚
1161 2217 1211 2282 Dc
1233 2216 1337 2281 Rebus
1356 2217 1559 2281 Otmtmmr.
1582 2228 1650 2283 ana

549 2322 652 2385 Conci.
664 2321 714 2383 M.
728 2319 813 2383 Sect.
827 2318 857 2380 ii.
874 2324 898 2397 §-
915 2336 963 2400 17.
979 2340 1010 2401 p.
1024 2336 1096 2403 243.
1107 2318 1331 2403 imperatorem
1341 2319 1474 2403 praemio
1485 2322 1650 2406 proposito

547 2433 747 2485 accusatores
762 2419 1015 2486 Christianorum
1030 2419 1126 2482 veluti
1147 2441 1305 2496 evocasse,
1321 2428 1420 2503 atque
1441 2420 1502 2484 illis
1517 2422 1602 2486 bona
1617 2430 1650 2487 et

547 2545 624 2608 opes
649 2544 770 2601 eorum,
799 2544 878 2607 quos
903 2521 935 2585 in
960 2520 1080 2605 judicio
1105 2520 1237 2608 alicujus
1266 2522 1406 2587 criminis
1428 2523 1648 2602 convicissent,

546 2624 652 2688 addici
664 2625 803 2708 jussisse.
851 2623 944 2699 Nam,
960 2631 1088 2687 mutata
1104 2623 1263 2688 sententia
1280 2625 1488 2702 Mcsbemius,
1505 2649 1601 2710 quam
1617 2626 1648 2690 in

550 2726 715 2790 Obscrcatt.
732 2727 796 2789 suis
813 2727 919 2789 Sacris
935 2749 961 2789 c.
978 2726 1021 2789 iii.
1033 2728 1062 2807 ξ.
1079 2731 1110 2789 6.
1121 2726 1309 2811 protulerat,
1321 2727 1389 2790 baec
1408 2729 1499 2811 jussa
1515 2729 1648 2813 impera-

547 2828 622 2903 tori,
645 2850 708 2891 non
743 2828 902 2912 praefectis
926 2828 1104 2904 urbibnsve‚
1125 2829 1192 2892 vult
1217 2827 1404 2905 attribuere,
1432 2852 1503 2913 quae
1525 2853 1546 2894 a
1573 2854 1647 2894 non-

546 2930 639 2993 nullis
654 2930 744 2992 video
759 2931 798 2993 de
813 2931 925 2994 edictis
941 2932 1162 3014 praefectorum
1185 2930 1420 3014 provincialium
1437 2930 1580 3017 intelligi,
1605 2934 1646 2996 ab

546 3030 617 3093 aliis
637 3040 745 3094 antem
766 3032 805 3093 de
829 3031 955 3094 urbium
979 3032 1124 3094 decretis.
1169 3031 1279 3093 Adisis
1303 3031 1486 3094 Fabricium
1501 3031 1645 3099 Bibliotl.

550 3133 608 3195 Gr.
625 3142 702 3196 tom.
718 3156 746 3194 v.
769 3156 796 3195 c.
820 3154 842 3193 ι.
868 3137 897 3214 ξ.
916 3151 965 3209 24.
987 3141 1020 3195 et
1037 3132 1232 3194 Dodwellum
1248 3132 1379 3195 Diaacrt.
1398 3134 1549 3217 Cyprium
1566 3136 1605 3197 xi.
1622 3142 1646 3215 S.

544 3255 596 3318 39.
635 3235 768 3296 Rufinus
780 3248 897 3309 autem,
909 3242 998 3296 vetus
1014 3233 1171 3316 interpres
1183 3233 1300 3295 diserte
1313 3233 1419 3309 habet,
1436 3236 1587 3299 occas-ione
1598 3260 1646 3300 ac

505 3339 508 3342 ’
544 3350 629 3422 cepta
644 3339 853 3422 imperialium
862 3348 1093 3422 praceptorum.
1115 3338 1218 3398 Immo
1234 3337 1292 3399 hoc
1308 3337 1547 3421 disquirendum
1557 3350 1645 3426 puto,

543 3461 585 3502 an
602 3462 739 3522 unquam
756 3440 815 3502 sub
830 3440 1057 3522 imperatorum
1073 3439 1224 3522 regimine
1240 3438 1456 3522 significentur
1471 3463 1530 3524 per
1545 3445 1643 3506 brord-

544 3567 643 3622 γματα
658 3542 788 3604 decreta
807 3540 944 3616 urbium,
959 3562 1030 3623 quae
1045 3542 1229 3620 ψηφίσματα
1253 3541 1318 3602 lere
1334 3551 1508 3613 vocantur;
1535 3545 1574 3607 de
1589 3545 1644 3607 im-

544 3651 725 3726 peratorum
752 3663 825 3703 vero
856 3641 977 3725 legibus
1007 3642 1290 3725 praefectorumque
1321 3641 1433 3705 edictis
1463 3665 1526 3706 non
1554 3646 1642 3708 dubi·

543 3745 676 3806 tandum
691 3751 749 3818 est,
767 3743 842 3825 quin
858 3744 969 3805 Graece
984 3743 1169 3823 διατάγματα
1184 3744 1271 3807 dicta
1288 3766 1326 3807 ea
1341 3745 1469 3808 suerint.

587 3846 668 3908 Ibid.
694 3846 714 3908 l.
730 3869 759 3923 4.
792 3847 904 3928 ταῦτα]
933 3851 1018 3907 τοῦτο
1043 3844 1089 3906 cd.
1112 3845 1214 3928 Steplc.
1243 3846 1372 3929 Nicepb.
1397 3845 1532 3910 Sraorn.
1580 3849 1643 3912 Va·

541 3947 627 4010 riant
643 3947 726 4009 inter
742 3968 775 4009 se
790 3947 873 4009 codd.
891 3949 934 4009 M
935 3948 1013 4010 ssa
1025 3947 1057 4008 in
1074 3947 1210 4009 Burtoni
1225 3970 1300 4009 usus
1314 3947 1430 4011 collati.

587 4047 668 4109 Ibid.
685 4047 706 4108 l.
724 4064 754 4131 5.
778 4050 888 4113 δίκαιος
903 4050 976 4134 γὰρ]
994 4052 1103 4113 δίκαιος
1117 4050 1173 4125 μὲν
1188 4053 1245 4129 γὰρ
1261 4050 1334 4111 MS.
1352 4050 1491 4132 Norfole.

586 4149 666 4212 lbid.
683 4148 702 4212 l.
720 4170 748 4231 9.
765 4149 832 4213 τοὺς
853 4153 903 4225 τῆς
923 4152 1055 4226 τοιαύτης
1070 4152 1255 4230 φιλονεικίας
1278 4150 1416 4235 ἐργάτας]
1438 4153 1525 4216 Male
1548 4153 1640 4216 inter·

541 4260 647 4334 pretes
662 4271 770 4312 omnes
785 4249 851 4311 haec
867 4250 1030 4312 Melitonis
1040 4252 1136 4313 verba
1151 4273 1301 4335 accepere
1311 4253 1350 4314 dc
1361 4253 1641 4317 calumniatoribus

540 4351 804 4425 Christianorum,
829 4373 900 4413 cum
931 4352 970 4414 de
1000 4352 1190 4415 Christianis
1220 4353 1351 4438 intelligi
1381 4355 1533 4431 debeant,
1563 4378 1639 4440 quos

542 4455 655 4518 Melite
671 4463 763 4515 vocat
776 4453 901 4532 ἐργάτας
916 4456 1112 4535 φιλονεικίας,
1126 4454 1156 4517 id
1172 4463 1222 4518 eet
1235 4456 1373 4535 ἀσκητάς.
1401 4456 1639 4522 Profitebantur
