4359 5150
647 398 761 470 xxviii
1014 392 1323 469 PRAEFATIO.

646 596 889 705 pertinaces
907 594 1016 675 inter
1035 591 1117 674 alia
1135 593 1188 675 de
1209 592 1486 699 interpretum
1508 589 1695 699 ejusdem

646 728 838 838 Origenis
849 727 1043 837 ambigua
1053 727 1138 810 fide
1150 726 1426 807 mussitantes
1441 725 1590 805 Postea
1600 752 1697 807 vero

646 864 735 973 ipsa
754 888 923 974 quoque
948 860 1096 943 Graeca
1116 860 1318 967 Origenis,
1335 859 1378 939 in
1398 860 1551 967 quibus
1570 858 1697 940 allata

646 1012 709 1081 est
728 1027 813 1080 uua
832 1026 884 1079 ex
904 998 1066 1079 duabus
1087 995 1168 1078 iilis
1189 996 1342 1104 Ignatii
1362 994 1505 1099 ῥήσεσι,
1525 996 1697 1077 inventa

645 1147 689 1216 et
709 1135 752 1214 in
773 1131 920 1241 vulgus
941 1133 1055 1213 edita
1077 1143 1200 1225 sunt;
1230 1144 1357 1239 atque
1381 1131 1480 1212 inde
1500 1131 1614 1211 crisis
1634 1143 1696 1211 est

647 1270 856 1352 Pearsonii
878 1269 1098 1376 insigniter
1117 1267 1291 1348 firmata.
1354 1265 1413 1345 Et
1431 1266 1504 1373 qui
1522 1262 1696 1375 scriptor

645 1405 817 1513 Origeni
840 1404 1057 1485 videbatur
1076 1431 1163 1484 esse
1184 1403 1384 1510 ignatius
1403 1401 1583 1483 eundem
1603 1430 1697 1512 pro·

644 1542 755 1623 fecto
793 1540 974 1621 dicerem
1013 1565 1175 1647 semper
1212 1536 1315 1618 mihi
1349 1538 1437 1618 fore
1472 1537 1697 1645 ignatium,

645 1674 777 1755 donec
807 1672 889 1755 tela
917 1674 961 1753 in
991 1700 1058 1754 eas
1086 1670 1281 1781 epistolas
1301 1697 1398 1754 cusa
1425 1672 1583 1753 fuerint
1608 1673 1691 1754 for·

647 1806 763 1904 tiora,
787 1834 914 1915 quam
942 1819 1042 1887 sunt
1069 1821 1208 1887 vetera
1237 1803 1309 1886 illa
1336 1821 1411 1887 aut
1439 1834 1556 1887 nova.
1613 1806 1697 1887 Sed

646 1943 701 2024 ad
726 1942 983 2052 propositum
1012 1955 1207 2023 revertor.
1267 1943 1319 2022 In
1352 1942 1496 2024 Grabii
1527 1941 1697 2024 Schedia

647 2078 763 2162 MSS.
785 2081 845 2178 (in
872 2080 1024 2188 quibus
1043 2080 1177 2188 posita
1203 2091 1322 2161 erant
1350 2081 1438 2189 ipsa
1461 2078 1532 2160 ilia
1551 2080 1697 2186 Orige-

646 2216 772 2297 niana
791 2244 886 2296 cum
913 2215 1189 2296 Benedictino
1208 2215 1400 2322 Origenis
1423 2216 1582 2296 editore
1604 2214 1697 2296 feli-

647 2352 750 2432 citer
789 2352 1109 2455 communicata)
1149 2347 1280 2430 multa
1322 2361 1467 2430 extant
1505 2348 1696 2451 ampliori

648 2484 868 2596 Spicilegio
888 2488 953 2567 SS.
971 2486 1144 2566 Patrum
1165 2486 1380 2565 commoda
1405 2498 1448 2565 et
1471 2485 1602 2582 utilia,
1623 2488 1696 2569 sed

647 2634 788 2703 tamen
812 2650 943 2730 pauca
971 2622 1024 2702 ad
1053 2649 1166 2701 meos
1195 2633 1393 2716 auctores,
1414 2622 1487 2728 qui
1512 2621 1599 2702 fere
1625 2622 1696 2703 de-

648 2756 801 2865 perditi
827 2769 937 2852 sunt,
957 2757 1198 2864 spectantia,
1217 2767 1260 2836 et
1288 2757 1332 2836 in
1362 2755 1427 2836 his
1447 2753 1512 2837 vel
1536 2758 1697 2865 paucis-

648 2893 761 2988 sima,
780 2921 876 3001 quae
896 2893 1083 2972 nondum
1103 2889 1238 2973 lucem
1257 2892 1558 3001 conspexerint.

705 3026 810 3107 Haec
828 3025 1057 3134 generatim
1082 3026 1135 3106 de
1154 3026 1370 3134 Operibus,
1389 3026 1433 3106 in
1458 3027 1610 3134 quibus
1629 3025 1696 3109 vel

649 3160 900 3258 indicantur,
930 3160 996 3242 vel
1022 3172 1329 3256 conservantur,
1356 3173 1573 3241 auctorum
1603 3160 1699 3242 reli-

649 3296 784 3405 quiae3
813 3308 1011 3405 superest,
1030 3308 1080 3376 ut
1107 3294 1310 3376 nonnulla
1335 3294 1469 3375 dicam
1494 3296 1546 3376 de
1572 3293 1698 3376 libro·

649 3458 744 3512 rum
779 3429 1099 3540 Exemplaribus
1127 3430 1306 3538 Scriptis
1339 3459 1362 3511 e
1394 3430 1548 3538 quibus
1580 3430 1697 3538 prius

649 3566 762 3646 edita
777 3566 979 3673 corrigere
994 3565 1094 3645 mihi
1112 3542 1349 3678 concessum
1364 3577 1437 3647 est.
1472 3565 1697 3647 Codicibus

649 3699 747 3780 satis
781 3698 925 3780 multis
958 3699 1275 3795 Oxoniensibus,
1303 3699 1408 3808 quin
1437 3698 1563 3780 etiam
1593 3697 1697 3796 aliia,

650 3860 749 3915 usus
768 3860 873 3916 sum.
922 3833 1157 3916 Reservatis
1176 3845 1316 3916 autem
1332 3831 1478 3913 ceteris
1493 3831 1697 3927 omnibus

649 3967 782 4050 donec
819 3968 872 4048 ad
910 3981 1098 4050 auctores
1140 3968 1248 4077 ipsos
1285 3967 1380 4077 plus
1421 3966 1560 4048 minus
1596 3966 1697 4048 inde

649 4102 890 4184 emendatos
904 4103 1120 4200 devenero,
1132 4101 1176 4181 in
1191 4102 1343 4210 quibus
1358 4101 1544 4183 eminent
1559 4096 1698 4179 Maxi-

648 4239 706 4318 mi
726 4239 792 4321 De
811 4239 995 4319 Materia
1016 4239 1316 4346 Fragmentum
1334 4249 1378 4319 et
1396 4239 1575 4318 Petram
1590 4236 1696 4344 Epi-
