4359 5150
913 973 1337 1087 APOLLONII,

596 1260 674 1332 QUI
707 1259 948 1319 VERGENTE
978 1262 1039 1321 AD
1069 1262 1212 1321 FINEM
1246 1259 1421 1321 SAECULO
1453 1257 1658 1317 SECUNDO

1025 1389 1226 1454 nouum

952 1617 1289 1691 FRAGMENTA.

1023 1869 1238 1907 ...ο-

555 2083 570 2138 5
1034 2066 1086 2116 ex
1112 2065 1222 2115 meno

610 2192 842 2251 ADVERSUS
863 2189 1199 2257 CATAPHRYGAS,
1223 2189 1306 2249 SEU
1328 2190 1654 2250 MONTANISTAS.

582 2324 750 2442 AAAA
783 2364 836 2445 τίς
868 2362 969 2439 ε’στιν
1006 2357 1108 2442 οὗτος
1140 2360 1161 2436 5
1194 2356 1409 2465 πρόσφατος
1446 2357 1706 2446 διδάσκαλοςῚ

584 2507 636 2582 (de
655 2510 801 2566 Montano
819 2528 914 2567 senno
933 2513 992 2587 est)
1017 2492 1063 2571 τὰ
1087 2492 1177 2595 ἔργα
1199 2493 1308 2571 αὐτοῦ
1333 2494 1392 2570 καὶ
1419 2492 1441 2593 ἡ
1467 2493 1684 2571 διδασκαλία

584 2627 771 2705 δείκνυσιν.
802 2624 905 2711 οὗτός
922 2629 1023 2707 ε’στιν
1041 2631 1061 2709 ὁ
1081 2627 1228 2735 διδάξας
1252 2628 1377 2712 λύσεις
1400 2627 1540 2730 γάμων·
1570 2629 1591 2706 5
1618 2662 1680 2728 νη-

541 2797 575 2835 ιο
584 2752 706 2835 στεῖας
739 2752 992 2852 νομοθετήσας·
1030 2756 1051 2832 5
1082 2754 1271 2858 Πέπονζαν
1303 2759 1362 2833 καὶ
1395 2753 1533 2854 Τύριον
1550 2757 1683 2857 Ἰερου-

584 2884 714 2984 σαλὴμ
749 2883 944 2984 ὀνομάσας,
976 2886 1115 2984 (πόλεις
1148 2886 1185 2967 δὲ
1216 2891 1307 2966 εἰσὶν
1336 2887 1439 2965 αὗται
1471 2889 1594 2989 μικραὶ
1624 2891 1689 2985 τῆς

587 3020 760 3121 Φρυγίοις)
785 3019 868 3102 τοὺς
895 3019 1123 3125 πανταχόθεν
1151 3023 1224 3100 ἐκεῖ
1249 3026 1468 3121 σνναγαγεῖν
1494 3018 1639 3099 ἐθέλων·
1668 3020 1689 3096 5

585 3157 792 3255 πρακτῆρας
809 3154 1004 3258 χρημάτων
1022 3154 1267 3255 καταστήσας·
1296 3157 1316 3234 5
1334 3157 1388 3234 ἐπ’
1408 3152 1556 3254 ὀνόματι
1572 3188 1690 3258 προσ-

587 3294 723 3392 φορῶν,
743 3286 809 3386 τὴν
834 3291 1070 3396 δωροληψιάν
1091 3290 1377 3394 ἐπιτεχνώμενος·
1409 3291 1430 3368 5
1449 3288 1610 3392 σαλάρια
1629 3323 1692 3393 χο-

542 3429 709 3526 ι5ρηγῶν
727 3430 801 3507 τοῖς
825 3426 1062 3527 κηρύττουσιν
1086 3427 1197 3505 αὐτοῦ
1222 3423 1285 3504 τὸν
1314 3422 1437 3527 λόγον,
1453 3425 1512 3504 ἵνα
1542 3422 1601 3504 διὰ
1628 3427 1693 3522 τῆς

587 3558 875 3659 γαστριμαργίας
904 3558 927 3657 ἡ
960 3560 1178 3637 διδασκαλία
1214 3565 1278 3637 τοῦ
1315 3555 1430 3659 λόγον
1461 3557 1687 3660 κρατύνιγται.

591 3692 665 3753 Huc
680 3692 827 3754 Eusebius
843 3693 928 3753 affert
942 3693 996 3754 lib..
1007 3715 1033 3751 v.
1048 3694 1129 3754 Hist.
1144 3714 1206 3773 cap.
1224 3694 1272 3750 18.

631 3929 690 3987 Sed
714 3930 848 4006 quisnam
874 3941 920 3989 eut
947 3949 1041 3988 novun
1067 3929 1118 3989 ille
1168 3930 1261 3988 mines
1282 3950 1317 3988 eo
1336 3941 1517 3989 convocaret.
1561 3929 1620 4000 Qui
1643 3950 1694 4008 pe·

590 4009 714 4067 doctor?
741 4029 829 4088 opera
850 4011 914 4086 ejus
935 4020 965 4068 et
986 4009 1119 4068 doctrine
1169 4010 1319 4069 cuniurum
1356 4019 1505 4068 exactores
1529 4009 1692 4076 constituit,

543 4088 662 4154 aosutie
686 4100 787 4167 aperte
809 4089 948 4164 produnt.
992 4089 1050 4147 Hic
1074 4099 1119 4148 est
1169 4090 1219 4165 qui
1248 4089 1393 4150 sordidum
1417 4107 1571 4146 munerum
1597 4099 1694 4166 capta·

591 4168 642 4244 qui
667 4169 837 4247 nuptiarum
862 4168 984 4226 discidia
1006 4169 1119 4235 docuit,
1170 4169 1279 4227 tionem
1301 4168 1481 4229 oblationum
1501 4167 1619 4225 nomine
1637 4167 1695 4225 cul.

592 4247 643 4324 qui
659 4247 839 4323 jejuniorum
859 4248 939 4324 leges
957 4249 1118 4327 imposuitz
1171 4248 1230 4306 lide
1252 4248 1406 4308 obvelavit.
1450 4246 1510 4316 Qui
1534 4246 1695 4304 doctrinam

592 4327 643 4403 qui
660 4327 808 4405 Pepuzam
828 4339 859 4387 et
872 4328 1007 4406 Tymium
1024 4328 1120 4407 Phry.
1170 4346 1250 4386 suam
1266 4326 1493 4406 predicantibus
1505 4324 1607 4384 salaria
1623 4345 1696 4401 pre·

592 4406 647 4483 δήια
675 4405 824 4485 oppidula,
853 4406 1033 4466 Hierusalem
1067 4427 1119 4465 no·
1171 4407 1276 4472 bet,ut
1290 4427 1343 4486 per
1356 4404 1464 4464 foedum
1480 4404 1587 4462 uentris
1600 4404 1697 4483 inglu-

545 4508 583 4567 ²5
594 4485 724 4553 minavit,
742 4496 775 4544 ut
789 4499 909 4546 cunctos
924 4487 1054 4562 undique
1068 4487 1121 4543 ho·
1172 4487 1246 4544 viem
1261 4486 1395 4546 doettina
1409 4484 1473 4560 ejus
1487 4483 1676 4543 oonvalescat.

1100 4600 1190 4664 302
