4359 5150
588 467 654 528 210
912 467 1161 547 RELIQUIAE
1184 467 1361 533 SACBAE.

589 640 764 736 Χριστοῦ.
782 640 1059 738 παρακαλοῦμέν
1073 672 1120 718 σε
1132 648 1257 719 πεῖσαι
1269 638 1408 725 πάντας
1420 640 1503 722 τοῦς
1517 637 1705 721 ἐλθόντας·

587 774 637 852 εἰς
654 768 720 866 τὴν
738 769 871 871 ἡμέραν
889 779 953 850 τοῦ
974 771 1105 875 πάσχα
1126 776 1207 875 περὶ
1224 774 1359 871 Ἰησοῦ.
1385 776 1448 852 σοὶ
1471 771 1544 875 γάρ
1560 772 1695 856 πάντες

586 899 793 999 πειθόμεθα.
823 902 921 999 ἡμεῖς
939 902 1010 1005 γὰρ
1029 906 1277 1007 μαρτυροῦμεν
1294 939 1357 985 σοι
1382 907 1441 986 καὶ
1462 914 1535 991 πᾶς
1553 908 1575 985 ὁ
1593 906 1694 1004 λαὸς,

588 1035 643 1115 ὅτι
661 1038 793 1120 δι’κοιος
810 1034 850 1133 εἴ,
870 1042 928 1116 καὶ
947 1037 1032 1117 δὸτι
1049 1037 1250 1141 πρόσωπον
1268 1040 1310 1117 οῦ
1328 1038 1537 1138 λαμβάνεις.
1563 1047 1695 1120 πεῖσον

712 1168 855 1200 λλν

587 1166 653 1249 οῦν
677 1204 728 1249 συ
745 1204 809 1249 τον
832 1182 945 1274 οχλον
966 1174 1048 1274 περὶ
1066 1174 1191 1271 Ἰησοῦ
1215 1171 1267 1269 μὴ
1291 1178 1514 1253 πλανᾶσθαι
1544 1176 1604 1252 καὶ
1621 1171 1718 1276 γῦρς

585 1311 658 1388 πᾶς
682 1303 882 1387 ὁλαὸςκαὶ
905 1304 1035 1400 πάντες
1053 1305 1338 1403 πειθόμεθάσοι.
1362 1309 1553 1405 στῆθιοῦν
1574 1307 1693 1389 ἐπὶτῦ

586 1437 779 1539 πτερύγων
807 1446 871 1517 τοῦ
900 1444 1004 1540 ἱεροῦ,
1034 1442 1093 1518 ἵνα
1124 1441 1261 1520 ἄνωθεν
1289 1437 1333 1545 ᾖς
1364 1440 1549 1547 ἐπιφανὴς,
1581 1447 1641 1523 καὶ
1669 1440 1694 1547 ᾗ

587 1569 787 1650 εύάκουστά
804 1605 875 1651 σου
899 1571 947 1652 τὰ
972 1571 1115 1677 ῥήματα
1135 1579 1244 1654 παντὶ
1271 1581 1324 1682 τῷ
1350 1582 1440 1683 λαῷ
1473 1574 1532 1654 διὰ
1559 1573 1631 1679 γάρ
1649 1574 1694 1655 τὸ

586 1704 717 1808 πάσχα
741 1706 1015 1805 συνεληλύθασι
1042 1714 1161 1787 πᾶσαι
1192 1715 1228 1789 αἱ
1261 1714 1375 1816 φυλαὶ
1408 1708 1500 1803 μετὰ
1528 1712 1587 1791 καὶ
1618 1717 1694 1789 τῶν

586 1842 709 1919 ἐθνῶν.
752 1840 915 1939 ἔστησαν
946 1837 1011 1920 οὖν
1042 1847 1076 1921 oi
1104 1844 1350 1945 προειρημένοι
1382 1851 1603 1946 γραμματεῖς
1631 1847 1693 1926 καὶ
1706 1887 1738 1925 ιο

588 1981 777 2082 φαρισαῖοι
798 1975 862 2054 τὸν
879 1974 1054 2069 Ἰάκωβον
1070 1978 1129 2055 ἐπὶ
1154 1975 1196 2055 τὸ
1223 1977 1415 2079 πτερύγιον
1430 1986 1495 2057 τοῦ
1513 1986 1613 2068 ναοῦ,
1633 1982 1693 2058 καὶ

587 2110 742 2216 ἔκραξαν
773 2111 869 2216 αῦτῷ
896 2112 955 2188 καὶ
982 2106 1091 2189 εἷπον·
1132 2112 1256 2189 Δίκαιε
1285 2106 1316 2217 ᾧ
1340 2108 1473 2194 πάντες
1502 2110 1694 2192 πεύθεσθαι

588 2245 790 2349 ὀφείλομεν,
803 2244 911 2322 &reici
929 2243 1019 2328 λαὸς
1030 2251 1212 2324 πλανάτω
1230 2245 1350 2324 darom
1361 2246 1486 2343 Ἰησοῦ
1498 2254 1564 2325 τοῦ
1581 2279 1693 2325 σταυ-

587 2379 772 2479 ρωθέντος,
790 2377 1015 2479 ἀπάγγειλον
1037 2380 1123 2477 ἡμῖν
1146 2380 1200 2462 τίς
1223 2379 1246 2476 ἡ
1266 2379 1358 2481 θύρα
1380 2387 1444 2458 τοῦ
1467 2381 1603 2478 Ἰησοῦ.
1634 2382 1693 2459 καὶ

587 2513 801 2614 ἀπεκρίνατο
819 2517 924 2618 purg}
940 2510 1095 2617 μεγάλη·
1126 2511 1165 2593 τί
1179 2545 1224 2610 με
1245 2513 1443 2616 ἐπεροπᾶτε
1465 2514 1547 2615 περὶ
1567 2514 1692 2614 Ἰησοῦ
1705 2552 1714 2593 ι
1719 2550 1736 2610 5

587 2651 653 2724 τοῦ
671 2651 747 2724 υἱοῦ
764 2651 830 2725 τοῦ
843 2646 1033 2748 ἀνθρώπου
1048 2679 1058 2741 ;
1081 2650 1140 2724 καὶ
1154 2643 1259 2728 αὐτὸς
1273 2644 1425 2744 κάθηται
1434 2648 1472 2725 ἐν
1486 2653 1538 2751 τῷ
1552 2649 1691 2753 οὐρανῷ

587 2782 626 2859 ἐκ
641 2780 767 2887 δεξιῶν
784 2784 847 2878 τῆς
864 2780 1028 2881 μεγάλης
1053 2779 1243 2876 δυνάμεως,
1262 2786 1321 2858 καὶ
1344 2780 1474 2877 μέλλει
1493 2780 1691 2885 Οὲρχεσθαι

588 3034 637 3109 qui
659 3033 734 3089 festo
757 3033 874 3090 Pascha
896 3031 943 3088 die
961 3032 1020 3088 huc
1042 3052 1111 3088 con-
1163 3031 1333 3088 Judaeorum
1355 3032 1448 3088 tribus
1469 3043 1499 3088 et
1524 3052 1561 3089 ex
1585 3034 1689 3091 Genti·

589 3113 720 3177 veniunt,
741 3124 774 3168 ut
797 3112 832 3168 de
854 3112 927 3168 Jesu
948 3123 1026 3168 recte
1047 3131 1112 3167 scn-
1164 3113 1217 3169 bus
1248 3131 1305 3167 non
1337 3110 1420 3188 pauci
1454 3111 1511 3169 huc
1544 3133 1688 3170 convene-

589 3194 671 3250 tiant.
714 3192 781 3248 Tibi
803 3193 879 3249 enim
902 3211 1001 3247 omnes
1024 3190 1110 3246 fidem
1164 3202 1241 3248 runt.
1285 3191 1418 3247 Posthaec
1434 3191 1594 3265 supradicti
1610 3192 1739 3253 Scri-20

589 3272 745 3339 habemus;
768 3282 883 3329 etcum
903 3271 1039 3327 universo
1060 3291 1110 3346 po·
1164 3272 1206 3328 bae
1232 3283 1262 3328 et
1294 3270 1430 3326 Pharisaei
1453 3290 1518 3327 cum
1543 3271 1688 3329 Jacobum

589 3352 658 3428 pulo
680 3354 734 3409 hoc
755 3352 807 3408 tibi
830 3351 1028 3408 testimonium
1046 3371 1112 3428 per-
1163 3351 1192 3407 in
1223 3351 1340 3426 fastigio
1365 3350 1465 3426 templi
1488 3349 1688 3416 collocassent,

589 3433 730 3499 bibemus,
748 3432 941 3506 justissimum
966 3441 995 3487 te
1018 3431 1112 3486 virum
1163 3441 1300 3487 contenta
1325 3449 1394 3486 voce
1421 3431 1461 3487 sic
1486 3450 1552 3487 eum
1579 3431 1689 3506 alloqui

588 3532 659 3576 csse,
678 3531 731 3568 nec
750 3510 841 3567 ullum
865 3510 942 3587 apud
964 3522 993 3566 te
1015 3531 1113 3587 perso·
1164 3520 1324 3585 coeperunt.
1368 3510 1396 3566 0
1432 3510 1520 3566 Juste
1551 3512 1599 3566 cui
1636 3531 1689 3568 nos

589 3611 690 3648 nurum
716 3591 868 3647 discrimen
891 3589 995 3647 valere.
1040 3589 1111 3645 Pro·
1163 3610 1263 3646 omnes
1287 3589 1372 3646 fidem
1397 3589 1533 3646 adhibere
1559 3609 1611 3666 par
1633 3603 1735 3672 est‚25

589 3670 656 3726 inde
685 3670 760 3746 plebi
794 3669 934 3746 persuade
967 3689 1002 3724 ne
1037 3669 1112 3725 circa
1163 3667 1396 3745 quandoquidem
1433 3668 1559 3746 populus
1594 3671 1689 3727 omnis

588 3751 689 3806 Jesnm
709 3750 845 3824 deinceps
868 3750 990 3805 aberret.
1033 3749 1110 3805 Nam
1162 3760 1248 3814 errat,
1264 3752 1363 3806 Jesum
1379 3759 1492 3805 sectans
1503 3749 1687 3816 crucifixum,

588 3842 618 3886 et
638 3831 788 3886 universus
808 3828 942 3906 populus,
957 3840 987 3885 et
1009 3848 1060 3884 nos
1076 3827 1111 3883 Ii·
1162 3828 1233 3885 doce
1254 3850 1305 3885 nos
1329 3827 1407 3903 quod
1428 3828 1466 3884 sit
1485 3828 1593 3885 ostium
1614 3829 1687 3886 Jcsu

588 3910 689 3966 beuter
710 3910 761 3965 tibi
780 3909 1021 3984 obtemperamus.
1052 3907 1109 3964 As·
1162 3909 1256 3964 suffixi
1293 3908 1381 3965 cruci.
1437 3909 1520 3964 Tunc
1560 3908 1689 3967 Jacobus

588 3989 678 4046 cende
701 3989 791 4064 igitur
816 3989 844 4042 in
868 3989 1015 4064 fastigium
1036 3998 1110 4042 tem.
1162 3988 1241 4044 edita
1264 4007 1333 4044 voce
1355 3987 1390 4043 iis
1410 3987 1569 4063 respondit.
1606 3989 1687 4059 Quid
1698 4017 1736 4072 30

589 4069 639 4144 pli,
662 4081 695 4126 ut
717 4070 745 4124 in
768 4068 883 4123 sublimi
904 4067 966 4125 loco
988 4068 1110 4143 positus,
1163 4088 1219 4131 me,
1266 4068 1371 4142 inquit.
1417 4068 1602 4142 interrogatis
1652 4067 1687 4126 de

589 4151 624 4205 ab
649 4150 782 4205 omnibus
810 4148 936 4222 conspici
965 4159 995 4203 et
1023 4166 1111 4202 exau·
1162 4148 1234 4204 Jesu
1266 4146 1326 4203 filio
1352 4147 1496 4203 hominis?
1545 4147 1614 4225 lpse
1644 4169 1687 4206 sc-

589 4230 643 4286 diri
660 4230 744 4286 facile
759 4228 859 4305 possis.
894 4229 969 4283 Nnm
988 4227 1111 4282 Pascha.
1163 4226 1212 4284 det
1241 4228 1270 4283 in
1296 4226 1366 4282 caelo
1390 4247 1406 4283 a
1431 4225 1542 4283 dextris
1568 4248 1687 4285 summa>

589 4310 624 4367 lis
655 4309 846 4365 solemnitatis
870 4307 970 4383 gratia,
1000 4317 1111 4362 cunctae
1163 4307 1289 4374 virtutis,
1305 4316 1334 4362 et
1355 4318 1497 4363 venturus
1516 4318 1561 4363 est
1584 4308 1612 4364 in
1634 4327 1686 4364 nn-

775 4505 788 4539 b
802 4502 859 4548 lmc.
872 4517 912 4547 rx.
927 4514 963 4546 rr.
1273 4512 1285 4539 c
1299 4500 1372 4548 Matt.
1380 4500 1449 4548 xxvi.
1462 4497 1501 4558 64.
