4359 5150
594 445 660 509 rao
940 444 1182 527 annianum
1206 442 1377 510 sacam.

1130 669 1181 718 EX

881 794 1027 858 LIBRO
1051 793 1116 855 DE
1140 788 1411 853 PASCHATE.

563 979 566 984 ·
650 932 738 1010 Εἰσὶ
755 930 873 1007 τοίνυν
892 926 926 1006 oi
943 928 987 1004 δι’
1008 925 1157 1027 ἄγνοιαν
1174 930 1421 1029 φιλονεικοῦσι
1443 923 1525 1023 περὶ
1543 920 1692 1017 τούτων,

594 1063 835 1166 συγγνωστὸν
848 1068 999 1163 πρᾶγμα
1016 1056 1243 1142 πεπονθότες’
1272 1056 1400 1157 ἄγνοια
1416 1054 1488 1157 γάρ
1512 1056 1555 1134 οὐ
1581 1088 1691 1151 κατη-

593 1199 719 1300 γορίαν
745 1193 963 1298 ἀναδέχεται,
989 1192 1090 1272 ἀλλὰ
1119 1195 1267 1297 διδαχῆς
1293 1194 1516 1293 προσδεῖται.
1547 1191 1608 1266 καὶ
1635 1188 1695 1265 λε’-
1723 1210 1738 1270 5

592 1363 722 1432 γουσιν
750 1329 805 1407 ὅτι
838 1334 883 1431 τῇ
920 1326 964 1404 ιδ’
994 1327 1036 1405 τὸ
1072 1324 1259 1428 πρόβατον
1290 1323 1381 1423 μετὰ
1415 1330 1488 1402 τῶν
1524 1328 1696 1422 μαθητῶν

593 1464 729 1568 ἔφαγεν
755 1465 775 1540 ὁ
806 1462 950 1565 Κύριος·
989 1469 1034 1567 τῇ
1065 1462 1103 1542 δὲ
1135 1460 1278 1564 μεγάλῃ
1310 1459 1424 1563 ἡμέρᾳ
1450 1462 1524 1535 τῶν
1553 1454 1698 1557 &Gamo

594 1597 700 1680 αὐτὸς
715 1596 859 1675 ἔπαθεν·
889 1599 948 1674 καὶ
966 1600 1170 1697 διηγοῦνται
1189 1599 1380 1674 Ματθαῖον
1398 1591 1492 1670 οὕτω
1509 1588 1629 1689 λέγειν
1648 1592 1696 1671 ὡς

595 1727 815 1826 νενοήκασιν·
845 1725 1160 1832 ὅθενοὶσύμφωνός
1178 1763 1217 1807 τε
1240 1725 1381 1833 νόμιρὴ
1409 1722 1533 1822 νόησις
1561 1724 1693 1801 αὐτῶν·

595 1864 653 1940 καὶ
671 1860 879 1961 στασιάζειν
896 1865 994 1940 δοκεῖ
1008 1863 1085 1940 κατ’
1106 1860 1233 1944 αὐτοὺς
1250 1859 1297 1938 τὰ
1314 1859 1519 1973 εὐαγγέλια.
1615 1874 1695 1931 Affe.
1709 1880 1741 1917 ¹0

593 2007 700 2054 runtur
721 1996 781 2053 hoec
811 1996 842 2052 in
866 1996 981 2071 Prusae.
1004 1996 1133 2052 chronici
1155 1996 1308 2058 Parrhalir,
1330 1993 1391 2052 aive
1411 1994 1568 2050 Alexandr.
1583 2013 1651 2071 pag.
1666 1995 1695 2050 6.

595 2099 640 2158 ed.
654 2100 810 2177 Ducangii.

935 2270 1089 2344 interprete
1106 2270 1171 2325 Car.
1186 2268 1349 2342 Dacongio.

636 2397 764 2468 Quidam
787 2395 878 2474 igitur
905 2406 983 2463 aunt,
1007 2398 1058 2473 qui
1082 2416 1120 2456 ex
1170 2401 1292 2470 minum,
1306 2415 1411 2477 magna
1431 2413 1501 2457 vero
1524 2415 1693 2476 azymorum

595 2477 759 2554 ignorantia
792 2476 828 2533 de
870 2476 949 2534 hisce
990 2479 1120 2537 excitant
1169 2478 1217 2538 die
1232 2498 1346 2557 passum
1356 2497 1427 2545 oasa,
1441 2488 1530 2554 atque
1543 2478 1587 2535 ita
1600 2478 1695 2537 dicere
1708 2489 1738 2547 15

595 2557 807 2623 contentiones.
821 2576 881 2614 rem
898 2556 981 2614 venia
1002 2556 1118 2634 dignam
1169 2558 1358 2626 Matthaeum
1392 2557 1436 2616 uti
1472 2556 1556 2615 illum
1585 2558 1695 2616 intelli-

594 2636 682 2714 passi,
697 2655 792 2711 neque
810 2636 887 2693 enim
905 2636 1118 2696 accusationem
1168 2649 1253 2714 gunt,
1282 2637 1360 2695 unde
1387 2637 1444 2714 legi
1477 2639 1624 2695 contraria
1652 2648 1696 2695 ast

595 2714 725 2772 admittit
759 2716 931 2791 ignorantia,
967 2715 1017 2772 sed
1052 2729 1118 2793 eget
1169 2738 1269 2774 eorum
1294 2717 1504 2794 interpretatio,
1531 2717 1626 2792 iisque
1645 2717 1694 2774 ad·

595 2794 748 2852 doctrina:
772 2795 911 2871 aiuntque
933 2795 993 2850 xiv.
1011 2817 1117 2872 agnum
1169 2798 1276 2855 versari
1292 2797 1428 2854 videntur
1442 2796 1602 2872 evangelia.

595 2894 661 2931 cum
684 2874 833 2952 discipulis
853 2874 1039 2932 manducasse
1054 2877 1117 2932 Do·
1706 2887 1741 2924 20

959 3056 1322 3096 .-.-Φ.--ι-

999 3223 1051 3284 Ea
1067 3223 1166 3285 eadam
1181 3221 1284 3286 Libro.

649 3363 698 3438 ‘H
727 3360 769 3437 ιδ
789 3357 831 3437 τὸ
861 3357 1033 3455 ἀληθινὸν
1063 3367 1127 3436 τοῦ
1162 3359 1297 3458 Κυρίου
1326 3355 1466 3460 πάσχα,
1492 3359 1514 3454 ἡ
1539 3360 1651 3435 θυσία
1675 3394 1696 3455 η

593 3492 748 3592 μεγάλη,
767 3495 786 3570 ὁ
805 3495 882 3570 ἀντὶ
903 3500 966 3569 τοῦ
992 3495 1106 3589 ἀμνοῦ
1132 3500 1216 3574 παῖς
1235 3498 1331 3570 Θεοῦ
1355 3494 1375 3569 ὁ
1395 3495 1517 3588 δεθεὶς,
1537 3494 1556 3569 ὁ
1578 3490 1696 3590 δήσας

594 3628 657 3704 τὸν
677 3625 836 3727 ἰσχυρὸν,
856 3627 914 3702 καὶ
929 3626 1100 3724 ὁιιριθεὶτ,
1112 3624 1231 3726 κριτὴς
1251 3625 1391 3727 ζώντων
1402 3629 1460 3703 καὶ
1474 3632 1617 3726 νεκρῶν·
1638 3628 1696 3703 καὶ

595 3763 615 3839 ὁ
633 3764 845 3861 παραδοθεὶς
866 3767 915 3844 εἷς
937 3769 1056 3864 χεῖρας
1081 3764 1315 3864 ἁμαρτωλῶν,
1335 3763 1392 3840 ἵνα
1414 3767 1619 3865 σταυρωθῇ,
1649 3763 1738 3839 ⁸6²5

1006 3950 1110 4003 Eodem
1126 3946 1287 4018 interprete.

635 4076 758 4133 Decima
771 4089 874 4152 quarta
889 4076 948 4133 veri
970 4076 1119 4134 Paschatis
1170 4085 1223 4139 est,
1243 4074 1335 4150 judex
1349 4082 1393 4130 est
1411 4071 1538 4128 virorum
1563 4082 1594 4127 et
1617 4091 1693 4129 mor-

595 4155 717 4213 Domini
761 4157 932 4214 sacrificium
970 4176 1118 4232 magnum,
1170 4166 1297 4221 tuorum,
1337 4164 1368 4210 et
1403 4153 1453 4227 qui
1488 4149 1615 4209 traditus
1650 4164 1694 4210 est

594 4255 648 4312 pro
669 4256 743 4313 agno
759 4237 814 4293 Dei
837 4236 1119 4311 filius,quivinctus
1170 4235 1199 4291 in
1222 4254 1324 4291 manua
1354 4243 1537 4308 peccatorum
1565 4241 1600 4286 ut
1628 4252 1693 4290 cru·

595 4315 700 4374 fortem
727 4317 830 4382 tinxit,
850 4327 880 4374 et
904 4316 953 4391 qui
970 4315 1120 4391 judicatus
1170 4313 1343 4391 cifigeretur,
1372 4313 1423 4389 qui
1461 4331 1549 4390 super
1585 4331 1738 4399 cornua30

988 4505 997 4524 ¹
1007 4494 1046 4541 Pa.
1058 4493 1117 4540 xxii.
1133 4506 1170 4539 τι.
1181 4503 1206 4539 et
1216 4493 1272 4540 xcii.
1288 4506 1326 4540 10.
