4359 5150
605 453 670 519 2⁴³6
976 454 1331 522 ANNOTATIONES

606 628 866 705 παραφραστικῦς,
887 644 946 707 pro
979 623 1053 696 isto,
1084 624 1133 686 καὶ
1156 625 1246 706 ἔλεγε
1270 629 1377 689 τοῦτον
1401 624 1480 689 εἶναι
1498 626 1555 689 τὸν
1579 628 1707 704 σωτῆρα.

607 724 693 803 Quin
716 725 864 789 ethaeos
887 725 1052 809 Reliquias
1073 725 1191 789 iterum
1214 726 1341 791 edituro
1362 728 1438 791 mihi
1465 728 1542 793 lieet
1560 728 1707 812 adjicere,

607 828 694 913 quod
719 826 757 890 cl.
784 826 1009 891 Heineehenus
1030 827 1064 890 in
1091 828 1238 892 Excursu
1254 829 1325 893 111.
1351 828 1538 893 anaim
1562 828 1709 893 Historia

607 930 756 1015 apposito
770 930 811 992 de
827 932 900 1013 θύρη
913 928 1016 1007 Ἰησοῦ
1030 938 1166 994 statuat.
1212 939 1232 969 ‘⁶
1245 931 1399 1011 Quaenam
1413 938 1464 994 est
1483 939 1581 1015 porta
1594 930 1620 994 J
1621 931 1710 994 esus!

609 1041 630 1071 “
641 1032 781 1116 genitivo
789 1032 1000 1117 appositionis
1009 1032 1114 1096 locum
1123 1040 1253 1096 tenente
1264 1060 1272 1105 ς
1288 1032 1419 1116 (saepius
1428 1031 1589 1117 genitivus
1600 1033 1648 1096 ita
1659 1053 1710 1116 po

609 1141 630 1169 ‘⁶
644 1133 743 1209 nitur,
765 1141 803 1198 ut
824 1134 872 1197 vel
898 1134 1034 1218 speciem
1057 1135 1223 1220 significet,
1244 1157 1315 1221 quae
1335 1135 1504 1220 subjicitur
1521 1135 1643 1220 generi,
1666 1133 1711 1198 rel

609 1236 852 1320 “appositionis
877 1244 986 1320 partes
1012 1240 1149 1317 teneat)
1176 1245 1244 1314 aut,
1274 1260 1422 1322 quaenam
1450 1250 1501 1302 est
1527 1244 1626 1323 porta
1651 1236 1711 1309 ills,

610 1345 631 1388 ‘⁶
646 1360 742 1422 quam
764 1339 861 1401 Jesus
883 1359 918 1401 sc
943 1360 1012 1401 esse
1031 1338 1126 1414 dixit,
1148 1361 1205 1424 per
1225 1340 1400 1424 genitivum
1421 1340 1570 1424 subjecti,
1584 1338 1641 1423 qui
1661 1360 1713 1401 ro-

608 1449 629 1477 “
642 1448 745 1504 eatur.
756 1440 867 1522 (loen.
877 1462 908 1502 x.
923 1441 989 1520 9.)”
1006 1439 1152 1524 Denique
1163 1440 1195 1503 in
1207 1440 1355 1524 Semele
1366 1441 1432 1505 suis
1441 1442 1502 1505 vol.
1513 1442 1536 1505 i.
1550 1441 1589 1505 cl.
1604 1439 1722 1505 Sobel*

608 1541 746 1606 thessius
761 1548 783 1576 ‘⁵
790 1549 916 1624 portam
926 1540 1091 1624 epitheton
1104 1542 1224 1607 Christi
1240 1543 1358 1606 rideri”
1372 1543 1430 1619 ait,
1443 1544 1560 1627 “apud
1572 1551 1683 1627 patres
1696 1564 1713 1604 e

610 1652 632 1681 “
648 1645 718 1707 Vct.
735 1642 822 1705 Test.
839 1641 1096 1726 depromptum.''
1111 1666 1142 1727 p.
1160 1645 1230 1727 136.

654 1744 783 1808 Interea
797 1743 829 1805 in
845 1744 959 1819 verbis,
974 1746 1017 1810 τίς
1031 1746 1050 1823 ἡ
1065 1747 1140 1825 θύρα
1156 1750 1209 1808 τοῦ
1222 1747 1333 1824 Ἰησοῦ,
1349 1744 1426 1808 illud
1440 1748 1486 1812 τίς
1499 1766 1559 1829 per
1571 1745 1646 1807 ποία
1659 1768 1712 1820 τις,

610 1845 720 1930 quotie,
736 1867 894 1930 exponere
909 1844 1014 1921 velim,
1031 1853 1068 1910 ut
1083 1868 1156 1910 cum
1167 1847 1327 1931 responsis
1341 1846 1428 1911 beati
1443 1846 1597 1930 martyris
1607 1867 1659 1908 res
1669 1844 1714 1907 iu-

610 1955 776 2031 terrognta
790 1946 968 2024 conveniat,
984 1968 1109 2031 nempe,
1126 1948 1219 2032 qunle
1233 1948 1350 2012 ostium
1366 1955 1416 2012 est
1429 1947 1592 2033 religionis
1599 1946 1714 2011 Jesusl

611 2051 878 2135 quemadmodum
902 2071 960 2133 pro
986 2050 1056 2134 ipsa
1079 2050 1216 2114 formula
1239 2050 1478 2136 Hegesippiana
1502 2049 1663 2113 Eusebius
1682 2050 1714 2111 in

611 2156 784 2218 Dammae.
809 2153 930 2236 Euaaq.
956 2152 1109 2236 reposuit,
1136 2155 1204 2215 rivo
1227 2153 1295 2233 περὶ
1323 2157 1375 2215 τοῦ
1402 2155 1502 2229 Ἰησοῦ
1525 2153 1594 2234 ἔχοι
1617 2153 1714 2229 δόξαν.

613 2257 662 2321 At
684 2278 759 2320 vero
783 2255 829 2319 Cl.
856 2254 986 2317 Ernesti
1011 2253 1043 2316 in
1063 2255 1195 2318 Discat.
1214 2256 1267 2318 De
1294 2253 1360 2317 Usa
1386 2253 1624 2330 Ghsscricrum,
1647 2274 1715 2336 quae

613 2358 745 2424 editioni
767 2354 945 2420 Albertinae
968 2356 1118 2440 Heraclii
1138 2356 1302 2441 proemissa
1323 2363 1384 2432 est,
1398 2356 1441 2419 nd
1463 2356 1603 2441 primum
1626 2375 1716 2418 suum

613 2482 767 2528 oanouem
788 2459 857 2523 haec
879 2458 989 2534 habet,
1005 2457 1070 2521 “Si
1091 2480 1151 2543 ego
1171 2458 1203 2521 in
1225 2457 1349 2522 Glossis
1369 2478 1538 2541 ponerem:
1563 2458 1662 2538 Θύρο,
1678 2460 1717 2517 δι-

616 2572 639 2603 “
655 2563 742 2644 δοχη,
768 2568 892 2625 rectum
917 2568 1011 2625 esset.
1058 2560 1121 2625 Sed
1151 2560 1338 2646 respicerem
1364 2560 1407 2624 cd
1435 2559 1506 2622 loca
1532 2559 1717 2623 Graeoomm

615 2665 868 2748 “theologorum
884 2687 912 2726 v.
925 2686 952 2727 c.
971 2663 1101 2726 Eusebii
1118 2664 1149 2726 in
1171 2664 1257 2727 Hist.
1277 2663 1363 2726 Eccl.
1379 2662 1433 2724 ubi
1448 2684 1511 2723 non
1533 2659 1630 2723 semel
1646 2662 1717 2738 θύρα

616 2775 636 2803 “
652 2772 782 2846 Χριστοῦ
798 2769 872 2847 (sic)
892 2766 931 2828 de
947 2766 1093 2828 doctrina
1109 2766 1291 2829 Christiana
1305 2765 1450 2827 dieitur.”
1489 2764 1562 2825 Hoc
1578 2762 1626 2824 vir
1641 2783 1715 2845 pree

616 2870 841 2945 stantiseimus,
857 2868 910 2930 ubi
926 2869 967 2931 ad
984 2868 1022 2930 cl.
1041 2868 1231 2950 Wesseling.
1251 2867 1369 2931 Θύρσου.
1388 2868 1415 2929 l.
1430 2887 1480 2931 αι,
1496 2877 1531 2928 et
1542 2867 1580 2928 cl.
1595 2865 1718 2926 Elsner.

616 2972 719 3035 Scled.
740 2972 815 3033 Urit.
832 2994 863 3054 p.
883 2988 950 3033 ¹21.
966 2971 1070 3032 editor
1085 2993 1142 3032 nos
1157 2970 1287 3054 relegat.
1334 2971 1423 3031 Viam
1439 2968 1566 3052 quidem
1579 2965 1718 3038 Donn’ni,

616 3084 713 3160 atque
731 3073 916 3156 simpliciter
939 3073 1031 3144 ciam,
1048 3072 1102 3148 τὴν
1118 3072 1197 3147 ὁδὸν,
1220 3071 1398 3134 doctrinam
1420 3069 1539 3132 Christi
1557 3089 1643 3151 saepe
1665 3087 1718 3148 ap-

617 3177 726 3262 pellari
744 3178 775 3238 in
791 3179 887 3237 Sacra
903 3175 1080 3258 Scriptura,
1099 3173 1161 3248 alii,
1179 3174 1233 3235 sed
1254 3172 1340 3234 aliud
1358 3178 1499 3255 agentes,
1516 3177 1717 3232 monuerunt.

620 3278 866 3360 Wesselingiurn
889 3297 964 3337 vero
985 3275 1076 3337 video
1100 3297 1236 3350 censere,
1252 3282 1309 3336 aut
1333 3272 1551 3357 Hegesippum
1569 3271 1654 3334 male
1673 3292 1718 3332 oe·

618 3382 701 3466 pisse
724 3380 747 3441 J
750 3380 912 3441 udaeorum
935 3377 1041 3451 verba,
1062 3385 1120 3439 aut
1142 3380 1234 3456 θύραν
1254 3377 1313 3438 hoc
1336 3376 1404 3438 loco
1427 3375 1509 3437 idem
1532 3397 1602 3437 esse
1624 3382 1719 3457 atque

617 3483 849 3556 acerratr‘onem,
865 3480 929 3542 sive
943 3480 1182 3561 explicolimma.

664 3583 835 3645 Audienda
858 3590 932 3644 sunt
951 3589 1120 3664 proeterea,
1136 3603 1206 3664 qnae
1225 3581 1265 3642 de
1285 3580 1429 3643 hocloco
1443 3577 1496 3640 alii
1519 3577 1650 3660 quidam
1664 3575 1720 3639 riri

620 3685 804 3758 doctissimi,
820 3691 878 3745 aut
904 3683 1017 3759 minus,
1041 3691 1100 3745 aut
1125 3683 1237 3765 magis,
1252 3705 1272 3745 a
1297 3680 1470 3744 Pearsonio
1491 3679 1718 3763 discrepantes,

621 3790 803 3854 statuerint.
848 3789 902 3849 Ita
917 3788 1001 3848 enim
1017 3787 1156 3850 Grabius
1177 3785 1207 3846 in
1224 3792 1301 3847 tom.
1314 3784 1345 3845 ii.
1370 3781 1479 3866 Spica.
1496 3781 1548 3842 rix
1564 3781 1720 3855 differens,

622 3899 643 3930 “
658 3891 792 3954 Difficile
805 3890 882 3964 est,''
892 3890 1037 3973 (inquit)
1054 3898 1075 3926 ‘⁴
1088 3887 1260 3971 explanare
1276 3887 1370 3969 hujus
1382 3884 1565 3969 quaestionis
1577 3905 1722 3946 sensum:

622 4004 642 4031 “
659 3996 685 4057 is
711 3995 803 4068 enim,
830 4015 923 4075 quem
951 3991 1099 4054 Valesius
1124 3990 1165 4052 ad
1192 3989 1275 4051 hune
1301 3989 1403 4051 locum
1426 3988 1493 4062 dat,
1516 4009 1537 4047 a
1561 3986 1725 4069 proposito

624 4097 843 4159 “Judaeorum
869 4095 989 4156 alienus
1015 4094 1162 4161 videtum
1196 4098 1308 4175 utpote
1333 4091 1386 4173 qui
1412 4112 1475 4152 non
1499 4088 1724 4151 desiderabant

624 4208 643 4235 “
658 4200 747 4270 seire,
771 4219 916 4281 quaenam
939 4204 1022 4258 osset
1044 4193 1238 4257 introductio
1255 4215 1309 4255 seu
1332 4192 1469 4255 initiatio
1489 4192 1520 4252 in
1542 4191 1725 4275 religionem

625 4306 644 4336 “
660 4300 801 4372 Christi;
827 4298 879 4360 sed
901 4297 1015 4380 potius,
1034 4296 1110 4380 quid
1128 4295 1271 4356 Jacobus
1291 4295 1331 4356 de
1350 4293 1372 4354 J
1375 4316 1428 4356 esu
1450 4293 1570 4356 Christi
1593 4313 1727 4377 persona

621 4409 644 4442 ·“
657 4411 690 4465 ct
705 4401 852 4464 doctrina
867 4398 1011 4471 sentiret,
1028 4411 1136 4461 utrum
1152 4404 1236 4459 esset
1252 4397 1335 4458 bona
1351 4396 1396 4458 vel
1413 4395 1505 4458 mala.
1538 4395 1725 4459 sicutenim

627 4512 648 4545 “
664 4505 734 4567 dne
758 4504 818 4564 cicc
838 4502 870 4562 in
893 4500 1005 4562 divinis
1026 4500 1158 4583 aliisque
1177 4498 1341 4583 scripturis
1362 4499 1477 4581 saepius
1498 4505 1726 4568 memorantur,
