4359 5150
603 441 666 503 102
971 434 1325 502 ANNOTATIONES

597 605 640 669 ab
664 605 839 669 editoribus
862 626 903 668 ex
921 605 1115 668 Armeniaca
1137 604 1246 688 lingue
1267 624 1359 667 versa
1381 609 1467 678 suni,
1484 623 1524 667 ea
1543 623 1609 666 una
1631 623 1702 665 cum

598 712 669 771 coto
694 707 799 791 capite
826 706 1007 771 Eusebiano
1033 706 1095 769 huc
1122 705 1344 769 transferenda
1369 703 1455 781 duxi,
1488 709 1525 767 ut
1555 703 1640 767 inber
1668 724 1702 764 se

598 815 732 890 uterque
746 808 835 870 locus
850 807 1038 870 conferatur.
1086 806 1139 869 Sic
1154 806 1238 869 enim
1258 806 1368 868 Moses
1383 803 1615 868 Chorenensis:

640 909 768 972 Artasis
797 908 896 993 (regis
922 908 1121 993 Armeniaci)
1146 917 1269 971 amrtem
1291 906 1449 991 praeomrs
1473 906 1573 968 tradit
1596 906 1705 967 Aristo

597 1008 742 1075 Ροίίωιιο.
789 1008 948 1093 Siquidm
966 1030 1028 1092 ραι·
1052 1031 1089 1071 ea
1111 1017 1246 1092 tempora
1268 1007 1377 1071 Jadaei
1404 1005 1443 1069 ab
1468 1005 1615 1069 Adriano
1638 1026 1705 1090 reae

598 1109 734 1172 limiam
754 1109 932 1192 defecerunt,
949 1118 1057 1172 etcum
1078 1108 1163 1192 Rufo
1182 1107 1367 1193 Ηιρροναίιο
1387 1108 1593 1189 mestissima,
1610 1106 1704 1169 ducta

598 1211 662 1274 ciri
690 1210 846 1293 cujimdam
872 1210 1010 1285 latronis,
1035 1210 1086 1272 cui
1111 1229 1216 1273 moraes
1241 1218 1308 1273 erat
1330 1206 1566 1283 Barciocicbas,
1588 1206 1627 1269 id
1649 1215 1704 1281 cst,

599 1312 704 1376 Stella
717 1312 816 1395 fliius,
839 1310 1036 1395 quiquidem
1059 1331 1091 1372 re
1114 1320 1181 1374 crat
1195 1312 1390 1393 facinorosam
1413 1320 1441 1373 et
1462 1308 1626 1382 homicida,
1650 1307 1705 1371 scd

598 1414 716 1478 momine
736 1435 788 1477 sico
806 1413 951 1497 aleriam,
975 1412 1098 1494 afflictis
1118 1412 1184 1476 itm
1204 1422 1233 1476 ct
1253 1413 1384 1497 captivis
1405 1414 1595 1476 simmaa
1614 1431 1645 1474 sc
1664 1410 1704 1473 ds

599 1514 669 1579 calo
695 1515 849 1598 dcmpmm
872 1535 931 1577 esse
950 1512 1155 1597 predicabat.
1208 1515 1246 1578 Is
1269 1513 1378 1578 baliam
1399 1514 1474 1577 adeo
1497 1512 1645 1589 οοοοιιθίί,
1668 1520 1703 1576 ac

599 1617 709 1700 Syria²
723 1638 761 1680 ac
780 1616 1007 1699 Mesopotamiae
1021 1615 1131 1678 iacoice
1145 1616 1311 1700 Pcrsaeqac
1327 1637 1434 1693 manas,
1450 1615 1488 1678 id
1505 1614 1701 1699 respicientes,

600 1718 714 1783 tributa
741 1719 850 1782 scivero
884 1720 1063 1782 desisterent.
1118 1720 1261 1803 Namque
1293 1719 1454 1783 audieerat
1485 1719 1579 1783 etiam
1610 1717 1703 1802 lepra

599 1820 733 1884 morbum
747 1822 781 1883 m
795 1804 975 1883 Adriaeum
989 1820 1142 1883 invasisse.
1188 1822 1299 1884 Noster
1313 1830 1413 1885 autem
1427 1824 1555 1884 Artases
1564 1840 1657 1905 super
1666 1840 1703 1882 ca

600 1944 633 1985 rc
654 1922 702 1985 aii
717 1932 859 1986 movetur.
904 1922 1029 1985 Accidit
1043 1931 1152 1997 autem,
1170 1931 1203 1984 ιιί
1217 1944 1278 2006 ρον
1297 1922 1334 1985 id
1351 1932 1465 2007 tempus
1484 1922 1650 1985 Adriacas
1669 1922 1703 1983 ia

601 2024 805 2087 Paioestimam
827 2025 949 2099 cerriret,
973 2022 1156 2107 rcbcibsquc,
1172 2024 1207 2086 ia
1221 2046 1323 2107 ρονοο
1343 2024 1453 2108 mmido
1466 2045 1565 2108 ριορο
1586 2024 1700 2086 Hicrc·

599 2123 714 2208 solyma
742 2124 863 2188 obsesses
885 2125 1003 2202 deleret,
1030 2125 1084 2209 qui
1113 2125 1178 2188 idco
1207 2146 1319 2188 omnem
1342 2125 1519 2188 mamam
1541 2132 1659 2208 amtcm
1682 2145 1703 2185 a

595 2227 702 2310 patrio
716 2226 776 2289 scio
783 2226 878 2308 jussit
889 2225 985 2309 ροίίί;
1010 2248 1078 2309 quoe
1091 2248 1129 2288 rm
1138 2226 1251 2310 procui
1262 2226 1382 2310 quidem
1397 2225 1615 2307 Hierosolyma
1633 2233 1703 2287 essct

600 2337 795 2411 spectatura,·
819 2337 907 2410 atque
926 2328 990 2410 ίρςο
1011 2326 1255 2410 Hierosolymam
1272 2349 1293 2390 ο
1315 2326 1508 2411 Vespasiano,
1529 2327 1609 2401 Tito,
1624 2334 1653 2388 et
1666 2322 1704 2388 ab

600 2450 631 2491 se
648 2430 835 2493 devastatam
856 2429 1054 2503 imtauraoit,
1070 2438 1098 2492 et
1121 2426 1159 2491 ab
1179 2429 1296 2491 comice
1310 2449 1362 2490 suo
1381 2427 1506 2490 AEiiam
1527 2426 1701 2511 appellarit,

602 2552 669 2595 cum
683 2531 746 2614 ipse
760 2530 922 2593 Adrianus
936 2529 991 2592 Sei
1002 2538 1070 2592 esset
1083 2529 1264 2614 appodiatus,
1279 2538 1367 2613 atqm
1381 2526 1425 2592 ibi
1438 2527 1567 2592 etimiees
1584 2527 1702 2601 mmm,

602 2640 630 2694 ct
646 2632 844 2706 Christianos,
860 2653 986 2714 quoram
1001 2631 1169 2715 Episcopum
1183 2639 1249 2693 erat
1263 2632 1401 2693 Marcus.
1447 2632 1509 2692 Per
1523 2652 1559 2693 aa
1571 2639 1704 2714 tempora

602 2754 744 2815 ιοαριιιιοι
758 2733 916 2794 eamcitsrm
931 2733 964 2795 iu
981 2733 1121 2814 Assyriae
1138 2741 1244 2814 partes
1261 2732 1352 2805 misit,
1368 2740 1396 2793 et
1415 2741 1548 2794 mestrem
1563 2736 1704 2795 Artascm

603 2857 670 2897 cum
694 2834 757 2895 suis
784 2831 981 2895 Ourrateriius
1009 2834 1044 2894 ί-ιι
1069 2833 1226 2895 Persidem
1252 2832 1403 2915 prmimsm
1423 2831 1539 2913 jussit,·
1579 2854 1704 2915 querum

602 2935 701 2998 scriba
715 2957 782 2996 cum
797 2936 823 2996 is
830 2935 940 3016 fuerit,
956 2934 1009 3017 qui
1024 2933 1107 2996 mobis
1121 2933 1199 2996 iaec
1212 2934 1371 2995 historiam
1385 2932 1530 3008 tradidit,
1546 2934 1659 2996 Artasi
1673 2933 1706 2995 ia

602 3037 715 3099 Media
729 3037 869 3110 occurrit,
885 3036 918 3097 iu
939 3036 1008 3112 ioca,
1023 3035 1078 3118 qui
1097 3044 1221 3098 cecatur
1235 3034 1416 3105 Sciendum
1441 3035 1569 3095 Artases
1589 3056 1658 3097 cero
1673 3034 1706 3096 ia

602 3137 735 3200 morbum
759 3137 880 3211 incidit,
896 3138 929 3198 ίιι
944 3137 1122 3212 Mariudia,
1144 3137 1189 3198 ad
1209 3137 1354 3219 oppidum
1377 3136 1706 3218 securissimam

602 3240 673 3303 imm
696 3238 826 3301 Abcium
849 3239 1010 3320 amendata,
1034 3237 1152 3300 Αίοίίω
1164 3238 1305 3319 familiae
1322 3238 1506 3323 primipara,
1526 3236 1630 3298 ciram
1651 3237 1707 3298 im-

597 3342 724 3424 piarum
745 3362 782 3402 ac
806 3339 949 3402 blandum
973 3340 1007 3401 ia
1022 3340 1218 3422 prouinciam
1243 3339 1423 3410 Eccicesem,
1439 3337 1484 3400 ad
1501 3336 1642 3413 Erizam,
1664 3337 1709 3399 ad

602 3444 722 3505 Diana
737 3444 852 3524 sauma
874 3443 1001 3517 dimisit,
1026 3442 1080 3524 qui
1102 3439 1139 3503 ab
1161 3441 1335 3503 simulacris
1356 3440 1517 3502 sam-itatem
1537 3448 1565 3501 et
1587 3439 1708 3522 ίοαραοι

603 3544 698 3605 citam
719 3553 857 3625 petcrct;
891 3543 975 3624 cujas
1000 3553 1069 3604 arcte
1096 3543 1237 3618 reditum,
1261 3545 1389 3605 Artases
1413 3541 1450 3604 da
1473 3541 1538 3602 cita
1560 3541 1703 3604 discessit.

608 3647 755 3707 Ceterum
778 3645 805 3705 is
825 3643 937 3717 scribit,
962 3653 1076 3726 quarata
1102 3653 1223 3705 caterua
1247 3664 1313 3705 cara
1339 3646 1451 3705 Artace
1471 3642 1566 3704 ςίοιιιί
1584 3653 1707 3705 ruortcm

603 3744 716 3820 obierit,
733 3744 834 3806 ciarm
849 3744 983 3826 coujimes
997 3754 1023 3805 ιθ
1038 3743 1209 3806 corcordiam
1224 3744 1278 3817 θρα
1294 3766 1326 3826 p.
1343 3761 1412 3824 174.
1459 3744 1541 3806 Tum
1558 3744 1707 3828 deinceps

603 3846 725 3928 reliqua
740 3867 857 3928 ρουιρο,
872 3845 1078 3927 exequiarum
1094 3844 1177 3927 regis
1192 3842 1391 3906 describitur.

648 3949 703 4009 Ad
731 3947 904 4009 Eusebium
934 3969 1016 4009 nunc
1045 3968 1176 4030 pergam
1203 3945 1307 4029 capite
1327 3947 1356 4007 6.
1382 3945 1454 4007 libri
1473 3944 1512 4007 iv.
1537 3944 1607 4007 haec
1633 3946 1707 4008 scri·

603 4049 740 4123 hautein,
758 4048 815 4109 Kai
839 4048 874 4124 bi]
893 4051 930 4109 τὰ
950 4051 1001 4123 τῆς
1024 4046 1178 4109 Ἰουδαίων
1196 4048 1381 4111 ἀποστασίας
1400 4047 1481 4110 αὖθις
1497 4048 1539 4110 είς
1558 4044 1639 4126 μέγα
1661 4047 1708 4108 καὶ

601 4149 679 4212 πολὺ
702 4150 914 4228 προελθούσης,
934 4146 1062 4227 Ῥοῦφος
1085 4149 1225 4229 ἐπάρχων
1247 4151 1298 4223 τῆς
1320 4145 1476 4217 Ἰουδαίας,
1499 4151 1708 4225 στρατιωτικῆς

603 4251 680 4334 αὐτῷ
696 4251 865 4329 συμμαχίας
886 4250 942 4310 ὑπὸ
965 4249 1120 4326 βασιλέως
1142 4250 1340 4327 πεμφθείσης,
1357 4253 1421 4311 ταῖς
1441 4247 1596 4312 ιἰπουοίαις
1612 4249 1708 4310 αὐτῶν

605 4355 733 4432 ἀφειδῶς
748 4353 900 4431 χρώμενος
916 4347 1044 4435 ἐπεξῄει,
1059 4349 1201 4430 μυριάδας
1221 4351 1333 4428 ἀθρόως
1348 4349 1462 4427 ἀνδρῶν
1481 4349 1556 4425 ὁμοῦ
1572 4349 1621 4409 καὶ
1640 4350 1706 4411 irai·

605 4459 662 4516 δωο
679 4454 726 4518 καὶ
747 4457 893 4531 γυναικῶν
915 4454 1104 4530 διαφθείρων,
1122 4449 1255 4527 πολέμου
1270 4475 1303 4512 τε
1324 4450 1403 4533 υόμφ
1420 4451 1472 4514 τὰς
1491 4449 1591 4530 χώρας
1612 4451 1707 4513 αὐτῶν
