4359 5150
525 471 605 536 1280
910 463 1270 536 ANNOTATIONES

540 639 625 706 filius
649 637 720 717 luit,
746 638 878 725 perinde
905 661 945 706 uo
972 638 1119 705 Jnoobus
1143 633 1271 706 Justus
1314 639 1427 726 oropo
1454 645 1570 708 temen
1597 659 1652 707 sen

541 741 669 828 Oleopoe
688 739 771 806 lilius
788 740 906 807 dieitur
921 763 963 807 ex
984 740 1159 828 adoptione
1174 741 1283 829 legali.
1326 741 1413 807 Num
1426 763 1503 808 enm
1516 741 1652 830 Oloopss

540 845 610 912 sins
623 844 731 909 liberis
739 844 935 923 decessisset,
947 843 972 909 J
973 845 1111 931 osephus
1124 842 1228 911 frater
1237 846 1337 912 duots
1349 843 1421 931 ejus
1430 843 1532 911 vidue
1545 867 1652 911 semen

541 943 573 1011 ei
598 943 773 1022 suseituvit,
798 944 881 1013 siout
908 946 1020 1013 soribit
1046 945 1246 1032 llroeplrorus
1270 945 1304 1010 iu
1331 944 1416 1012 noro
1446 943 1476 1012 1.
1504 965 1578 1031 usp.
1598 963 1651 1034 33.

542 1047 743 1134 Quemquam
758 1046 937 1135 ,Nioephori
956 1048 1305 1135 (ionstuntinopoliteui
1326 1046 1417 1113 loom
1435 1045 1536 1112 aliter
1551 1045 1650 1112 etism

541 1147 693 1233 expliouri
708 1154 833 1234 potest:
855 1157 894 1216 ut
907 1150 1027 1217 soilioet
1042 1151 1181 1237 Symeon
1194 1157 1230 1216 et
1242 1149 1266 1215 J
1266 1149 1386 1217 noobus
1398 1149 1424 1215 J
1424 1156 1520 1216 ustus
1532 1147 1650 1214 fratres

542 1250 701 1326 dieantur,
717 1248 825 1335 Olopsu
839 1251 987 1318 nimirum
1002 1253 1067 1317 filii.
1113 1252 1213 1318 Certe
1227 1251 1479 1337 chrysostomus
1497 1263 1535 1316 et
1548 1249 1650 1315 Theo-

542 1353 674 1419 doretus
699 1351 732 1415 in
759 1352 927 1437 epistolum
954 1355 998 1420 ud
1026 1353 1173 1432 (inlutus,
1195 1352 1356 1419 Jeoobum
1380 1352 1518 1418 «lustum
1542 1351 1649 1438 Olopoe

541 1453 642 1520 lilium
656 1453 753 1519 luisse
774 1452 928 1520 soribunt.
974 1455 1097 1521 Verum
1119 1456 1153 1520 in
1173 1455 1235 1522 heo
1256 1462 1351 1521 tonte
1370 1453 1567 1539 sosiptorusn
1588 1453 1650 1518 dis

541 1554 716 1643 ompentie,
742 1553 918 1642 Hegesippi
940 1563 974 1622 et
995 1557 1170 1644 Epiphsnii
1191 1555 1387 1623 sententium
1407 1555 1499 1642 sequi
1520 1552 1648 1630 ruolium

542 1664 578 1725 et
603 1658 792 1745 Symeonem
814 1657 922 1743 Olopae
947 1658 1046 1723 filium
1068 1658 1124 1744 qui
1144 1659 1312 1746 epiecopus
1332 1657 1395 1723 init
1409 1657 1649 1743 Hierosolymo·

416 1757 420 1762 '
539 1781 624 1838 -ηω,
639 1782 661 1825 s
676 1760 832 1846 Symeons
846 1781 902 1826 seu
922 1760 1029 1847 potius
1051 1760 1181 1825 Simone
1195 1759 1331 1847 Josephi
1352 1758 1418 1824 filio
1441 1757 1648 1846 distinguere

543 1861 640 1930 corte
662 1863 754 1928 Bedu
774 1862 857 1928 hono
878 1863 1011 1928 tundom
1033 1861 1228 1928 sententium
1255 1867 1371 1948 utpote
1390 1859 1564 1928 oertiorem
1582 1881 1648 1926 usn·

543 1963 656 2050 plexus
680 1970 742 2044 est,
764 1984 837 2030 eum
863 1963 979 2029 Isidori
1004 1963 1199 2029 sententium
1212 1970 1311 2029 untes
1323 1969 1454 2028 seoutns
1472 1961 1598 2042 fuisset,
1610 1971 1648 2028 ut

543 2068 612 2155 ipse
630 2067 752 2134 fatetur
768 2067 802 2132 in
819 2065 1117 2133 Retmetutionibus
1133 2067 1168 2132 in
1188 2067 1278 2134 Aots
1298 2063 1528 2153 Apostolonrm
1541 2087 1611 2153 esp.
1625 2065 1647 2130 i.

545 2168 664 2234 Isidori
685 2176 795 2234 sutem
807 2167 897 2232 loeus
910 2188 1006 2254 quem
1020 2167 1172 2254 intelligit
1185 2168 1286 2246 Beda,
1301 2173 1353 2233 est
1375 2165 1409 2230 in
1422 2164 1507 2232 libro
1521 2167 1563 2232 de
1574 2165 1648 2232 vitis

545 2271 683 2337 Petrum
701 2268 867 2356 utriusque
882 2270 1098 2336 Testementi.
1142 2269 1197 2334 Ex
1215 2291 1280 2355 quo
1293 2269 1393 2335 etium
1414 2267 1500 2335 libro
1521 2269 1646 2335 desum·

537 2379 616 2444 ¹tum
637 2379 688 2438 est
711 2371 926 2457 fragmentum
949 2371 1027 2436 illud
1053 2373 1139 2457 qnod
1164 2393 1264 2459 supro
1287 2371 1385 2438 nitori
1414 2370 1486 2437 sine
1509 2368 1649 2436 auetoris

545 2472 682 2539 nomine.
705 2471 870 2539 Vsumrus.
914 2472 1005 2539 Ante
1025 2474 1202 2539 sdduotum
1224 2494 1265 2539 ex
1286 2471 1475 2560 Hegesippo
1495 2472 1538 2538 de
1553 2472 1650 2560 Olope

544 2573 642 2653 istud,
657 2573 744 2660 quod
765 2581 799 2640 et
818 2572 895 2641 olibi
909 2573 951 2640 eb
967 2571 1109 2641 Eusebio
1122 2596 1163 2641 ex
1177 2576 1291 2642 eodem
1311 2573 1447 2641 elletnm
1466 2573 1584 2652 luerat,
1599 2594 1649 2639 re-

545 2682 647 2740 torem
662 2676 823 2762 quendem
838 2675 1054 2741 narrationem
1067 2675 1254 2763 Hegesippo
1268 2676 1404 2741 fortasse
1420 2674 1565 2741 debitum
1579 2696 1647 2760 pro

545 2778 610 2842 lert
635 2778 686 2843 ille
711 2780 751 2842 de
774 2778 907 2843 suffecto
928 2779 1085 2864 Symeone
1112 2780 1145 2842 in
1172 2779 1391 2863 episcopatum
1415 2775 1643 2862 Hierosolymi-

546 2886 658 2944 tnnum
677 2882 718 2946 ub
740 2881 904 2966 apostolis,
921 2881 1109 2966 oseterisque
1129 2880 1261 2944 Domini
1283 2879 1446 2964 discipulis
1464 2887 1563 2964 atque
1578 2900 1646 2963 eog-

546 2984 641 3063 netis‚
665 2991 823 3069 quotquot
848 2985 953 3049 edhuo
978 3007 1089 3049 eorum
1113 2984 1302 3070 superstites
1327 2983 1477 3069 egebunt.
1532 2984 1591 3046 Καὶ
1613 2980 1646 3059 δὴ

547 3087 606 3150 ἀπὸ
628 3092 695 3166 μιᾶς
710 3087 837 3168 γνῶμης,
853 3087 901 3151 eit
924 3087 987 3164 ille,
1010 3087 1078 3154 τοὺς
1096 3087 1211 3152 πόντας
1231 3092 1374 3166 Συμεῶνα
1388 3085 1440 3148 τὸν
1455 3089 1508 3147 τοῦ
1524 3087 1645 3159 Κλωπᾶ,

546 3189 582 3253 οὗ
594 3190 642 3252 καὶ
656 3189 674 3268 ἡ
685 3193 737 3252 τοῦ
749 3189 927 3270 εὐαγγελίου
940 3190 1118 3268 μνημονεύει
1129 3188 1239 3269 γραφὴ,
1252 3191 1305 3251 τοῦ
1318 3191 1369 3265 τῆς
1379 3187 1482 3250 αὐτόθι
1496 3187 1647 3267 παροικίας

547 3292 655 3372 θρόνου
679 3291 763 3368 ἄξιον
777 3289 853 3354 εἶναι
871 3290 1036 3369 δοκιμάσαι,
1062 3290 1193 3371 ἀνεψιὸν
1218 3290 1256 3355 ὥς
1278 3313 1314 3370 γε
1336 3288 1413 3369 φασὶ
1433 3290 1583 3368 γεγονότα
1598 3292 1647 3350 τοῦ

548 3397 693 3474 Σωτῆρος.
729 3397 817 3454 ΤΟΝ
827 3395 885 3472 γὰρ
897 3388 950 3455 οὖν
962 3396 1095 3454 Κλωπῶν
1107 3392 1164 3455 dre.
1204 3390 1311 3453 Omnes
1324 3389 1426 3473 itaque
1439 3409 1498 3451 ιιιιο
1512 3409 1648 3452 somerset

548 3496 722 3578 Symeoeem
736 3492 843 3576 filium
862 3492 990 3579 θῐυυρα,
1008 3491 1096 3555 illies
1118 3491 1203 3575 αιρυο
1227 3491 1262 3554 ie
1286 3488 1447 3576 oenopoliis
1460 3491 1504 3572 fit
1528 3490 1645 3565 mentio,

546 3594 711 3682 episcopali
731 3594 798 3658 sede
820 3593 946 3679 όὶρουνι
960 3592 1187 3677 γὐόὶοαοοιυτιί.
1234 3591 1381 3657 Creditur
1400 3599 1502 3655 aetem
1523 3591 1647 3674 Symeon

541 3697 694 3784 patruolis
703 3697 805 3781 feisse
825 3697 994 3761 motoris.
1038 3696 1143 3760 NAM
1168 3696 1318 3782 Oleopum
1345 3697 1401 3759 dre.
1446 3694 1564 3759 Itidem
1579 3716 1645 3779 unp.

548 3820 601 3886 32.
620 3799 719 3884 ejusd.
739 3798 792 3862 lib.
808 3798 893 3862 idem
915 3797 1085 3862 historiens
1109 3797 1229 3875 scribit,
1250 3799 1386 3881 λογίσμφ
1411 3794 1434 3860 δ’
1460 3796 1499 3860 ἂν
1525 3798 1574 3860 καὶ
1596 3795 1648 3859 τὸν

549 3907 691 3981 Συμεῶνα
713 3905 773 3964 τῶν
792 3901 945 3964 αὐτοπτῶν
964 3900 1013 3962 καὶ
1031 3899 1182 3979 αι’ντηκόῶν
1203 3902 1281 3963 εἴποι
1302 3898 1341 3962 όν
1360 3923 1404 3964 τις
1423 3897 1585 3979 γεγονέναι
1598 3902 1648 3961 τοῦ

549 4006 670 4085 Κυρίου,
691 4002 834 4087 τεκμηρίῳ
853 4005 893 4087 τῷ
912 4000 999 4079 μήκει
1017 4004 1069 4063 τοῦ
1089 4002 1201 4083 χρόνου
1219 4003 1271 4078 τῆς
1290 3999 1380 4062 αὐτοῦ
1400 4003 1473 4078 ζωῆς
1487 4001 1649 4080 χριόμενος,

549 4107 597 4171 καί
616 4107 656 4190 τῷ
674 4103 870 4184 μνημονεύειν
891 4103 946 4181 τὴν
966 4107 1025 4165 τῶν
1045 4100 1230 4183 εὐαγγελίων
1248 4100 1370 4182 γραφὴν
1389 4103 1510 4180 Μαρίας
1529 4105 1581 4179 τῆς
1597 4105 1647 4162 τοῦ

549 4209 674 4271 Κλωπᾶ·
695 4200 730 4268 οὗ
743 4202 903 4286 γεγονέναι
917 4202 1017 4279 αὐτὸν,
1034 4201 1083 4265 καί
1101 4204 1247 4284 πρότερον
1261 4204 1278 4265 ό
1292 4204 1385 4284 λόγος
1400 4201 1563 4280 ἐδήλωσεν.
1609 4196 1646 4263 ln

549 4307 696 4393 Pupieno
716 4305 911 4390 Freymenw,
936 4303 1021 4388 quod
1045 4303 1184 4367 Grebius
1207 4302 1327 4388 primus
1350 4301 1462 4378 edidit,
1487 4301 1559 4387 ipsa
1582 4302 1646 4365 haeo

550 4407 669 4488 Murio,
689 4428 785 4493 quem
800 4405 947 4491 Oleophae
962 4407 985 4468 J
988 4426 1108 4470 oannes
1126 4405 1159 4469 in
1174 4405 1348 4490 Evangelio
1366 4403 1516 4488 uppellut,
1532 4400 1645 4490 Alphei

548 4530 640 4591 uxor,
650 4530 803 4595 sororque
815 4506 930 4573 Μανία
943 4506 1057 4572 matris
1068 4507 1196 4571 Domini
1211 4505 1307 4571 luisse
1321 4505 1446 4583 dieitur,
1457 4511 1491 4568 et
1502 4504 1645 4589 Oleophoe
