4359 5150
542 436 564 495 8
874 432 1117 514 RELIQUIAE
1142 434 1313 499 SAGRAE.

539 590 639 695 παρὰ
653 600 717 670 τοῦ
733 594 868 695 Κυρίου
881 627 927 697 τῃ
945 595 1066 674 πίστει
1085 595 1286 693 δεδομένας,
1300 596 1359 673 καὶ
1372 596 1432 674 ἀπ’
1448 595 1558 693 αὐτῆς
1570 628 1646 673 πα-

538 727 774 831 ραγινομένας
799 734 862 827 τῆς
887 732 1068 829 ἀληθείας.
1128 736 1157 810 εί
1182 731 1225 810 δέ
1229 784 1232 789 -
1243 764 1314 809 που
1337 733 1395 809 καὶ
1412 742 1645 832 παρηκολου-

540 862 657 962 θηκώς
668 896 721 945 τις
732 869 806 946 τοῖς
816 865 1077 966 πρεσβυτέροις
1088 864 1197 961 ἔλθοι,
1208 862 1292 947 τοὺς
1305 871 1377 943 τῶν
1388 865 1649 967 πρεσβυτέρων

539 995 721 1099 ἀνέκρινον
744 993 889 1098 λόγους·
918 1000 957 1076 τί
971 997 1155 1100 Ἀνδρέας,
1174 996 1197 1098 ἢ
1217 1000 1254 1077 τί
1271 999 1410 1100 Πέτρος
1428 994 1538 1078 εἶπεν·
1567 997 1592 1099 ἢ
1612 1001 1652 1079 τί

540 1133 735 1215 Φίλιππος·
766 1129 793 1230 ἢ
818 1133 857 1210 τί
882 1137 1029 1231 Θωμᾶς,
1053 1129 1280 1231 ἢἸοίκωβος·
1315 1131 1339 1233 ἢ
1363 1134 1402 1213 τί
1416 1132 1596 1235 Ἰωάννης,
1622 1133 1671 1235 ἧς

541 1272 743 1349 Ματθαῖος·
768 1263 792 1365 ἢ
817 1269 870 1350 τίς
892 1266 1009 1369 ἕτερος
1034 1273 1107 1347 τῶν
1126 1276 1190 1347 τοῦ
1216 1268 1352 1370 Κυρίου
1374 1274 1554 1368 μαθητῶν·
1580 1267 1646 1349 ἅτε

539 1402 736 1504 Ἀριστίων
761 1404 820 1479 καὶ
851 1404 871 1479 ὁ
898 1401 1144 1505 πρεσβύτερος
1161 1399 1340 1499 Ἰωάννης,
1359 1408 1393 1481 οἱ
1424 1411 1488 1481 τοῦ
1508 1405 1646 1505 Κυρίου

538 1536 696 1634 μαθηταὶ
714 1534 898 1633 λέγουσιν.
931 1538 973 1615 οὐ
991 1536 1063 1642 γὰρ
1082 1535 1128 1616 τὰ
1145 1540 1184 1616 ἐκ
1202 1543 1275 1615 τῶν
1292 1538 1450 1631 βιβλίων
1468 1538 1646 1620 τοσοῦτόν

538 1703 583 1765 με
606 1671 762 1773 ὠφελεῖν
787 1670 1055 1769 ὑπελάμβανον,
1077 1670 1169 1751 ὅσον
1190 1669 1236 1750 τὰ
1256 1668 1357 1773 παρὰ
1381 1669 1498 1773 ζώσης
1520 1678 1645 1778 φωνῆς

540 1810 598 1884 καὶ
615 1802 802 1903 μενούσης.
845 1823 956 1882 Attulit
976 1824 1038 1882 ιιι
1057 1823 1312 1882 nusebrusrnm.
1329 1823 1686 1905 or.r1ae.nccz.ap.10

540 1939 596 1998 ult.

540 2069 610 2137 dita,
626 2080 656 2127 et
670 2069 706 2127 ab
720 2067 783 2145 ipsa
797 2066 920 2125 veritate
934 2066 1066 2142 profecta
1117 2064 1289 2131 Matthaeus,
1313 2064 1385 2142 quid
1409 2063 1497 2123 aeteri
1520 2065 1642 2124 Domini

539 2148 748 2208 memorabant.
790 2145 879 2217 Quod
896 2146 921 2203 si
935 2145 1002 2223 quis
1020 2145 1066 2202 in.
1116 2143 1252 2224 discipuli
1280 2144 1375 2204 dicere
1409 2143 1489 2202 soliti
1523 2156 1639 2204 essent:

539 2228 655 2288 terdum
670 2227 743 2284 mihi
752 2226 922 2284 occurrebat
933 2225 984 2301 qui
998 2243 1065 2282 oum
1116 2223 1256 2300 quidnam
1284 2223 1428 2292 Aristion,
1454 2236 1483 2283 et
1512 2225 1642 2284 Joannes

540 2307 709 2367 Senioribus
733 2316 862 2364 versatus
889 2305 1001 2372 fuisset,
1028 2323 1066 2362 ex
1119 2304 1283 2382 Presbyter,
1332 2302 1469 2382 discipuli
1520 2305 1683 2386 Domini15

539 2409 575 2447 eo
601 2388 716 2447 curiose
743 2385 908 2444 sciscitabar
932 2403 1064 2461 quaenam
1116 2382 1316 2519 praedicarent.
1360 2384 1467 2459 Neque
1494 2385 1574 2444 enim
1606 2404 1643 2444 ex

539 2478 637 2526 essent
665 2466 819 2524 Seniorum
848 2463 948 2523 diota:
985 2462 1065 2534 Quid
1128 2462 1255 2521 ibrorum
1288 2462 1412 2521 lectione
1447 2473 1559 2522 tantam
1597 2483 1644 2524 me

539 2546 684 2613 Andreas,
720 2544 791 2623 quid
838 2542 953 2610 Petrus,
995 2541 1066 2621 quid
1116 2541 1275 2601 utilitatem
1302 2563 1404 2622 capere
1432 2563 1517 2622 posse
1543 2545 1641 2605 existi·

541 2626 706 2705 Philippus,
735 2624 806 2702 quid
833 2625 966 2688 Thomas,
995 2622 1064 2700 quid
1115 2623 1238 2688 mabam,
1263 2636 1401 2700 quantam
1428 2643 1463 2681 ex
1491 2624 1643 2684 hominum

539 2706 676 2774 heutua,
705 2705 776 2782 quid
806 2704 965 2769 Johannes,
993 2702 1065 2780 quid
1115 2702 1210 2760 adhuc
1223 2704 1413 2780 superstitum
1429 2704 1494 2762 viva
1508 2724 1589 2764 voce.
1652 2729 1687 2770 nc

906 2860 1276 2892 .....0.--..

1066 2978 1117 3049 ΙΙ.

811 3112 868 3174 Ex
884 3110 967 3173 libro
976 3113 1088 3192 primo
1102 3110 1243 3193 ejusdem
1261 3112 1382 3191 Operis.

595 3229 747 3315 -Τοὺς
760 3228 853 3309 κατὰ
870 3229 965 3309 Θεὸν
979 3228 1129 3307 ἀκακίαν
1147 3229 1348 3312 ἀσκοῦντας
1365 3233 1495 3313 παῖδας
1516 3247 1645 3313 ἐκάλουν

542 3359 641 3439 (primi
657 3358 841 3432 Christiani),
858 3356 896 3421 ὡς
911 3355 959 3418 καὶ
974 3355 1097 3420 Παπίας
1111 3359 1201 3433 ὸηλσῖ
1212 3356 1327 3439 βιβλίῳ
1341 3357 1445 3441 πρῶτιρ
1460 3361 1520 3420 τῶν
1535 3361 1643 3439 Κυρια-

541 3460 601 3518 κῶυ
614 3453 816 3534 Ἐξηγήσεωυ,
838 3456 887 3518 καὶ
907 3455 1031 3535 Κλήμης
1053 3454 1300 3538 ὁἈλεξαυδρεὺς
1322 3459 1357 3521 ἓν
1378 3462 1418 3543 τῷ
1442 3463 1686 3545 Παιδαγωγηῖ.α5

543 3557 632 3627 (Cum
643 3557 748 3634 passim
760 3567 825 3614 tum
836 3558 985 3633 speciatim
998 3557 1073 3616 libro
1080 3558 1183 3634 primo.
1206 3560 1384 3618 Conferend.
1394 3572 1424 3618 et
1437 3562 1470 3618 S.
1479 3561 1554 3619 Mat.
1562 3564 1643 3622 xviii.

541 3668 570 3728 5.
585 3653 645 3709 xix.
661 3655 721 3729 14.)
764 3653 834 3712 Haec
847 3665 946 3712 extant
960 3655 992 3711 in
1006 3655 1129 3712 Maximi
1145 3655 1327 3714 Confessoris
1342 3657 1467 3715 Scholia
1487 3656 1518 3714 ιἰι
1539 3658 1643 3718 librum

543 3751 590 3806 De
615 3748 727 3807 Coeleatt'
751 3747 931 3809 Hierarokio
954 3752 986 3810 S.
1002 3751 1143 3830 Dionysio
1157 3751 1260 3827 Areop.
1282 3752 1468 3830 adscriptum,
1488 3774 1551 3832 oap.
1568 3756 1601 3814 ii.
1614 3776 1643 3836 p.

541 3863 591 3920 32.
607 3846 654 3905 ed.
671 3845 814 3904 Corderii.

874 4028 1036 4105 Interprete
1051 4029 1151 4087 Βαίθι.
1169 4029 1315 4088 Corderio.
1652 4068 1687 4126 30

581 4153 685 4212 —Eos
708 4156 758 4231 qui
783 4154 941 4213 secundum
967 4157 1064 4215 Deum
1115 4158 1196 4211 clarat
1224 4156 1293 4210 libro
1323 4156 1410 4226 primo
1438 4156 1642 4216 Dominioarum

540 4232 736 4292 innocentiam
773 4245 931 4303 sectantur,
961 4257 1065 4313 pueros
1116 4242 1369 4312 Expositionum,et
1384 4241 1509 4299 Clemens
1526 4245 1641 4306 Aleum·

541 4312 734 4391 &ppellssbwt2
756 4324 825 4379 sicut
849 4332 875 4378 et
900 4324 994 4395 Papias
1019 4326 1064 4382 de·
1115 4326 1209 4382 drinus
1221 4328 1249 4382 in
1263 4326 1422 4398 Paedagogo.
