4359 5150
543 436 607 499 132
927 438 1284 507 ANNOTATIONES

541 596 561 626 “
579 586 759 651 Adrianum
774 595 871 674 atque
886 589 980 655 Pium
1002 594 1111 659 multis
1135 595 1200 659 suis
1220 595 1383 681 rescriptis
1401 595 1463 660 hoc
1481 594 1594 681 egisse,
1609 599 1644 657 ut

542 690 832 756 “Christianorum
869 695 1114 761 calumniatores
1150 698 1370 782 reprimerent.
1416 696 1481 761 Sed
1515 703 1550 760 et
1578 694 1644 778 ipse

541 792 657 856 “Pius
686 793 718 856 in
746 816 803 858 suo
829 795 934 861 edicto
954 797 1048 862 testis
1067 805 1127 874 est,
1150 799 1211 862 hoo
1234 798 1368 863 voluisse
1391 798 1582 873 Adriauum,
1604 816 1643 858 ne

541 902 562 931 “
578 894 752 959 Christiani
768 905 971 976 vexarentur,
985 899 1046 963 nisi
1061 900 1087 966 si
1110 922 1162 963 res
1177 922 1275 965 novas
1289 900 1478 964 molirentur
1491 900 1643 963 adversus

541 993 746 1079 “imperium
772 998 983 1063 Romanum.”
1021 1002 1058 1065 P.
1082 1002 1134 1064 81.
1153 1002 1202 1065 ed.
1226 1001 1313 1087 Lips.
1367 1000 1421 1066 Ita
1448 999 1643 1073 Balduiuus;

537 1102 750 1161 veruntamen
765 1100 859 1165 simul
873 1101 1009 1165 conferri
1021 1109 1171 1179 meretur,
1185 1103 1271 1187 quod
1286 1102 1413 1187 quidem
1427 1102 1469 1165 de
1486 1099 1645 1165 Hadriani

542 1198 697 1284 rescripto
717 1201 759 1265 ad
783 1202 816 1266 S.
835 1204 1067 1288 Hieronymum
1088 1205 1128 1268 de
1144 1205 1318 1286 Quiumro
1338 1210 1486 1289 agentem
1507 1204 1541 1266 in
1555 1224 1646 1288 supe·

542 1300 679 1365 rioribus
700 1304 891 1370 adnotatum
907 1313 966 1371 est.

587 1403 669 1468 Ibid.
692 1404 713 1469 l.
732 1422 762 1468 2.
792 1406 947 1491 ἡγουμένῳ
973 1412 1024 1485 τῆς
1047 1404 1167 1490 Ἀσίας]
1199 1405 1353 1491 ἡγουμένῳ
1377 1407 1410 1469 δὲ
1435 1402 1547 1482 τῆςἈ.
1570 1405 1645 1468 MS.

543 1504 633 1569 Bodl.
663 1512 697 1570 et
727 1507 818 1571 codd.
849 1530 958 1572 omnes
988 1508 1095 1572 collati
1125 1508 1158 1571 in
1186 1507 1324 1593 gratiam
1353 1505 1501 1582 Burtoni,
1531 1506 1585 1591 qui
1615 1508 1645 1569 δὲ

543 1607 673 1692 recepit,
694 1615 813 1692 praeter
828 1610 967 1694 Βορέαν,
984 1608 1189 1673 Porisicacm
1214 1619 1372 1693 utromque
1393 1616 1427 1672 et
1449 1606 1590 1691 Norsolc.
1614 1614 1646 1670 et

545 1710 763 1794 Nicephorum.

589 1810 671 1875 lbid.
687 1812 708 1874 l.
723 1832 754 1897 3.
778 1815 794 1875 ὁ
817 1815 850 1876 δὲ
868 1813 964 1894 πατήρ
985 1838 1041 1876 σου
1062 1811 1135 1899 duc]
1167 1812 1369 1897 Rescriptum
1390 1812 1520 1897 quidem
1545 1814 1647 1875 Anto

544 1913 609 1977 nini
632 1913 683 1977 Pii
707 1936 766 1998 pro
790 1914 980 1979 Christianis
1000 1914 1096 1977 hodie
1116 1936 1179 1977 non
1201 1920 1303 1979 extat.
1349 1914 1413 1978 Sed
1435 1914 1506 1997 ejus
1528 1913 1648 1977 mentio

544 2015 582 2079 lit
608 2014 641 2078 in
664 2016 820 2101 rescripto
836 2016 883 2079 M.
903 2015 1025 2080 Aurelii
1043 2016 1258 2079 Antonini‘ed
1279 2014 1425 2079 civitates
1440 2015 1539 2091 Asiae,
1563 2016 1647 2100 quod

546 2140 643 2202 supra
658 2119 768 2183 retulit
783 2117 941 2181 Eusebius
952 2140 1020 2202 cap.
1036 2139 1085 2204 13.
1098 2117 1192 2203 hujus
1206 2116 1289 2180 libri.
1328 2118 1431 2180 l‘orro
1446 2117 1531 2181 hunc
1545 2116 1648 2181 locum

544 2220 592 2284 ita
614 2219 710 2284 scribi
734 2219 870 2297 mallem,
895 2222 960 2283 tm
978 2219 1073 2300 πατήρ
1097 2245 1164 2295 σου,
1193 2219 1242 2282 καὶ
1265 2222 1322 2282 rot
1341 2222 1380 2281 τὰ
1400 2218 1502 2283 πάντα
1520 2225 1649 2284 συνδιοι-

546 2326 668 2389 κοῦντας
693 2322 781 2407 αὐτῷ.
805 2321 974 2385 Vnuasrus.
989 2324 1063 2401 μηδὲ
1081 2343 1140 2405 pro
1160 2323 1252 2400 μηδὲν
1266 2320 1313 2384 ed.
1330 2318 1436 2404 steph
1452 2320 1561 2404 paullo
1575 2327 1650 2385 ante

545 2424 632 2507 apud
647 2423 855 2508 Nicephorum
869 2423 1036 2508 legebatur
1056 2420 1155 2487 πάντα
1174 2443 1233 2506 pro
1249 2423 1416 2501 σύμπαντα,
1440 2428 1473 2485 st
1493 2442 1570 2485 mox
1584 2422 1650 2503 περὶ

545 2525 620 2606 ἡμᾶς
648 2545 706 2608 pro
728 2525 796 2606 περὶ
816 2525 898 2604 ἡμῶν
921 2524 1051 2589 Generi
1070 2525 1166 2589 Lech.
1190 2524 1232 2588 ad
1252 2523 1303 2587 ed.
1323 2523 1440 2588 Gener.
1463 2522 1649 2609 marginem.

548 2629 652 2691 Porro
668 2648 726 2711 pro
741 2625 844 2690 verbis
867 2632 923 2689 σοΰ
935 2629 972 2689 τὰ
990 2627 1148 2705 σύμπαντα
1169 2630 1348 2692 διοικοῦντος
1372 2625 1516 2689 Valesius
1531 2623 1650 2688 mavult

548 2733 603 2792 σοῦ
625 2732 662 2790 τὰ
685 2726 783 2791 πάντα
806 2731 1050 2794 συνδιοικοῦντας.
1097 2728 1197 2791 Recte
1222 2749 1307 2791 sane.
1353 2727 1500 2810 Namque
1522 2734 1556 2791 et
1580 2749 1650 2790 con·

547 2829 665 2892 firmari
681 2828 806 2892 videtur
821 2830 889 2892 haec
905 2830 1090 2912 conjectura
1105 2851 1125 2893 a
1141 2829 1266 2905 Rufino,
1283 2851 1320 2892 ac
1335 2828 1480 2892 lectionis
1495 2829 1651 2892 varietate

548 2932 634 3015 apud
652 2930 874 3014 Nicephorum,
892 2953 987 3014 quam
1002 2931 1098 2994 modo
1122 2929 1336 2994 indicavimus.
1383 2931 1478 2994 Certe
1494 2930 1652 2994 Eusebius

549 3033 607 3096 hoe
623 3033 728 3097 dicere
743 3033 850 3097 voluit.
897 3034 1032 3096 Sanora.

594 3135 677 3197 Ibid.
694 3134 713 3198 l.
726 3136 756 3196 6.
774 3136 808 3196 ἐν
822 3136 880 3218 οἷς]
910 3135 1055 3212 ὀνομαστὶ
1081 3133 1173 3196 addit
1192 3133 1358 3217 Obrisleph.
1376 3133 1456 3196 Mox
1480 3133 1580 3197 verba
1607 3135 1652 3204 rai

546 3236 725 3315 Ἀθηναίους
753 3237 869 3299 desunt
897 3236 983 3319 apud
1013 3235 1179 3318 Nicephor.
1204 3242 1316 3298 contra
1339 3235 1412 3314 πρὸς
1437 3242 1514 3298 ante
1540 3235 1652 3300 πάντας

544 3335 700 3415 Ἕλληνας
723 3337 815 3400 abest
837 3337 879 3400 ab
901 3337 948 3401 ed.
964 3337 1064 3421 steph
1089 3337 1224 3399 Sruorn.
1261 3335 1316 3399 Ἐν
1331 3338 1373 3401 οἷς
1388 3335 1418 3398 h.
1435 3357 1461 3398 e.
1483 3336 1516 3398 in
1540 3336 1652 3419 quibus

550 3438 684 3522 populis.
730 3440 761 3501 A
779 3439 841 3501 eod.
858 3439 997 3522 Norsolc.
1014 3439 1107 3502 abest
1122 3438 1195 3518 πρὸς
1209 3446 1286 3501 ante
1302 3442 1553 3504 Θεσσαλονικεῖς.

596 3539 679 3601 Ibid.
695 3538 715 3601 l.
726 3540 755 3601 8.
772 3541 808 3601 σὲ
824 3542 856 3601 δὲ
873 3540 920 3601 καὶ
939 3542 1236 3623 μᾶλλον-γνώμην]
1263 3539 1327 3602 His
1346 3538 1449 3602 verbis
1470 3539 1587 3602 Melite
1603 3539 1653 3602 de·

551 3641 677 3725 signare
699 3639 825 3702 videtur
848 3639 1026 3723 Epistolam
1051 3641 1098 3703 M.
1112 3641 1280 3716 Antonini,
1304 3641 1346 3704 ad
1368 3642 1544 3704 Commune
1565 3641 1653 3704 Asiae

551 3742 662 3804 datum
689 3763 748 3824 pro
773 3741 980 3805 Christianis:
1015 3741 1047 3803 in
1074 3765 1137 3825 qua
1166 3743 1251 3805 inter
1280 3750 1387 3806 cetera
1414 3742 1563 3825 leguntur
1587 3743 1653 3806 haec

552 3842 658 3904 verba.
683 3844 731 3906 καὶ
747 3844 812 3921 ἐμοὶ
830 3844 862 3905 δὲ
878 3845 944 3923 περὶ
960 3849 1018 3906 τῶν
1032 3845 1173 3907 τοιούτων
1188 3845 1299 3906 πολλοὶ
1315 3842 1478 3920 ἑσήμαναν·
1496 3845 1541 3908 οἶς
1557 3843 1592 3920 δὴ
1608 3843 1654 3906 καὶ

553 3945 735 4025 προέγραψα
756 3951 984 4008 κατακολουθῶν
1005 3949 1040 4030 τῇ
1060 3950 1113 4008 τοῦ
1133 3948 1243 4025 πατρός
1264 3971 1321 4024 μου
1347 3947 1458 4026 γνώμῃ.
1493 3946 1653 4008 vinnons.

553 4049 602 4109 At
627 4068 710 4123 vere,
736 4069 806 4131 quae
832 4054 924 4110 extat
948 4047 1083 4131 epistola
1108 4069 1206 4131 supra
1232 4048 1317 4131 apud
1341 4046 1515 4109 Eusebium
1540 4046 1595 4110 lib.
1616 4046 1655 4108 iv.

553 4169 580 4209 ο.
597 4167 643 4230 ¹3·
665 4148 691 4210 si
708 4148 757 4209 Pii
774 4169 836 4210 non
861 4147 955 4211 fuerit
982 4149 1038 4210 sod
1062 4147 1169 4232 potius
1190 4147 1346 4211 Antonini
1364 4147 1559 4231 Philosophi,
1583 4155 1656 4231 post

552 4249 695 4312 oblatam
714 4248 876 4312 Melitonis
887 4248 1066 4335 apologiam
1080 4250 1159 4314 data
1173 4250 1243 4327 fuit,
1256 4256 1386 4314 auctore
1402 4249 1561 4313 Chronico
1574 4252 1653 4313 Pas·

551 4350 634 4414 chali
657 4373 713 4414 seu
737 4351 965 4415 Alexandrino.
1018 4351 1098 4415 Vide
1124 4351 1166 4436 p.'
1181 4371 1250 4437 123.
1276 4351 1432 4414 Eusebius
1454 4356 1575 4429 autem,
1600 4351 1653 4435 qui

551 4452 642 4531 male,
666 4461 703 4515 ut
725 4452 877 4535 opinatur
898 4473 969 4515 cum
994 4451 1065 4516 aliis
1080 4452 1214 4516 eruditis
1237 4451 1392 4529 Valesius,
1409 4452 1578 4516 Antonino
1596 4453 1655 4516 Pio
