4359 5150
594 420 638 490 96
928 419 1167 519 RELIQUIAE
1190 419 1362 487 SAORAE.

939 591 1062 655 Forsan
1076 612 1113 653 ου
1126 590 1226 655 νοτίοιο
1243 590 1349 675 Opere.

631 700 724 764 -καί
738 704 791 764 τοῦ
804 704 855 779 τῆς
869 701 1011 766 ἀπονοίας
1026 699 1126 767 αδτοῖς
1147 707 1180 780 (J
1183 706 1287 779 udaeis)
1305 702 1399 765 αίτίου
1416 707 1527 784 (inquit
1550 718 1618 785 post
1641 706 1697 764 alia

589 817 738 877 Eusebius
750 817 801 875 lib.
815 818 855 875 iv.
867 818 943 874 ffut.
959 836 1021 895 esp.
1038 818 1082 888 6.)
1096 808 1150 888 τὴν
1165 809 1252 887 ἀξίαν
1266 810 1438 876 ἐκτίσοντος
1451 811 1536 887 δίκην
1550 817 1695 893 (Barcho-

588 938 710 1013 chebae),
719 920 761 1002 τὸ
771 928 845 1016 πᾶν
856 922 957 1005 ἔθνος
968 920 1148 1027 ε’ξὲκείνον
1161 922 1221 998 καὶ
1232 923 1295 1017 τῆς
1306 923 1388 1021 περὶ
1398 918 1444 997 roi
1454 920 1697 1023 Ἱεροσόλυμα

586 1061 655 1159 γῆς
672 1055 825 1156 πάμπαν
838 1056 1031 1150 ἐπιβαίνειν
1048 1054 1215 1158 εἴργεται·
1236 1052 1346 1153 νόμον
1365 1052 1518 1155 δόγματι
1536 1059 1592 1134 καὶ
1614 1059 1721 1143 δια-5

587 1189 737 1298 τάξεσιν
754 1193 957 1294 Ἀδριανοῦ,
976 1192 1024 1274 ῶς
1049 1185 1095 1267 ἀν
1112 1190 1193 1289 μηδ
1213 1187 1257 1294 ἐξ
1278 1187 1441 1269 ἀπόπτου
1467 1193 1631 1292 θεωροῖεν
1653 1188 1695 1269 τό

586 1331 756 1433 πατρῷον
784 1326 928 1432 ἔδαφος,
954 1320 1273 1426 ἐγκελευσαμένου·
1319 1327 1468 1409 Ἀρίστων
1496 1330 1513 1391 ὁ
1537 1333 1695 1396 Πελλαῖος

588 1452 716 1533 ίστορεῖ.

624 1575 841 1650 Cum—ipseque
876 1577 942 1632 adeo
976 1574 1114 1632 seditionis
1164 1586 1195 1634 et
1242 1576 1454 1635 constitutione
1503 1575 1693 1652 Imperatoris

586 1660 680 1707 auctor
703 1653 805 1708 debitas
823 1671 916 1725 poenas
935 1652 1061 1717 dedisset,
1076 1665 1113 1704 ex
1166 1654 1335 1713 Hadriani:
1369 1656 1441 1714 adeo
1465 1667 1500 1714 ut
1523 1676 1559 1715 ne
1579 1655 1691 1734 prospi-
1705 1672 1738 1711 ιο

587 1743 623 1783 eo
650 1724 788 1804 deinceps
818 1736 950 1803 tempore
977 1725 1113 1785 universa
1163 1754 1228 1794 cere
1257 1735 1375 1812 quidem
1404 1756 1421 1794 e
1448 1735 1610 1813 longinquo
1641 1754 1692 1813 pa.

587 1802 760 1897 ¹iudeorum
794 1824 866 1883 gens
896 1806 926 1863 in
961 1805 1112 1883 regionem
1162 1815 1252 1872 trium
1266 1814 1360 1873 solum
1376 1815 1446 1895 ipsis
1460 1816 1572 1884 liceret,
1585 1828 1616 1874 ut
1625 1820 1691 1874 ocri·

549 1903 551 1908 ¹
586 1902 695 1942 orreum
722 1884 928 1965 Hierosolyma
951 1885 1036 1945 sitam
1059 1905 1110 1963 pe·
1161 1891 1305 1948 bitAristo
1318 1894 1441 1949 Pellem·

585 1961 652 2022 dem
676 1963 785 2024 inferre
805 1965 952 2044 prohibita
969 1974 1024 2032 est,
1044 1964 1111 2041 lege

1033 2120 1240 2154 ...4-

984 2228 1037 2293 Ειι
1051 2228 1150 2293 eodem
1168 2230 1275 2314 Opere.
1702 2251 1733 2308 15

627 2350 783 2435 Ἀνέγνιον
794 2355 827 2417 δὲ
839 2358 937 2434 τοῦτο,
954 2337 1046 2419 ἑπτὰ
1057 2338 1236 2442 οὐρανοὺς,
1250 2363 1359 2440 (inquit
1370 2362 1522 2421 Maximus
1533 2364 1652 2421 scholiis
1662 2365 1691 2420 ίιι

586 2467 640 2540 Ορ.
651 2467 685 2522 de
695 2464 822 2539 Mystico
837 2465 931 2523 Theol.
944 2464 976 2523 S.
988 2464 1132 2543 Dionysio
1143 2464 1253 2542 Areop.
1268 2462 1457 2541 adscriptum,
1472 2484 1535 2543 cap.
1551 2463 1577 2522 1.
1592 2483 1621 2542 p.
1645 2479 1689 2539 17.

585 2567 632 2628 ed.
648 2567 794 2641 corderii)
811 2561 859 2625 καὶ
881 2562 915 2624 ἓν
934 2560 969 2640 τῇ
991 2559 1205 2642 ουγγραμμίνη
1218 2558 1379 2640 Ἀρίστωνι
1398 2561 1438 2644 τῶ
1457 2560 1604 2644 Πελλαίῳ
1628 2563 1690 2622 δια·

584 2662 668 2741 λέξει
692 2664 853 2727 Παπίσκου
877 2663 925 2726 καὶ
938 2661 1082 2738 Ἰάσονος,
1104 2659 1142 2738 ἣν
1166 2660 1289 2740 Κλήμης
1303 2663 1319 2724 δ
1334 2659 1550 2741 Ἀλεξανδρεὺς
1564 2663 1599 2724 ἓν
1614 2662 1688 2746 ἕκτῳ

584 2768 699 2848 βιβλίῳ
715 2771 773 2827 τῶν
787 2762 1023 2827 Ὑποτυπῶσεον
1037 2763 1090 2826 τδν
1107 2763 1193 2844 ἀγιον
1208 2768 1325 2826 Λουκᾶν
1340 2763 1435 2843 φησὶν
1449 2763 1637 2843 ἀναγράψω.
1700 2803 1735 2841 20

978 2900 1135 2974 Interprete
1151 2899 1292 2955 Corderio.

621 3010 687 3081 Legi
710 3010 790 3064 etiam
814 3010 935 3087 septem
962 3001 1059 3065 coelos
1082 3011 1112 3064 in
1161 3002 1221 3083 iaeo,
1249 3018 1334 3081 quarn·
1348 3000 1472 3054 Clemens
1490 3000 1690 3085 Alexandrinus

583 3091 764 3161 disputatione
794 3089 898 3158 Papisci
932 3105 962 3140 ac
992 3087 1111 3147 Jasonis,
1161 3089 1188 3125 ¹¹¹
1214 3079 1289 3124 ⁸0¹20
1317 3070 1387 3124 llbr⁰
1416 3070 1630 3153 Hypqtymsoon
1654 3082 1691 3127 ait

583 3179 645 3232 quae
664 3162 763 3231 scripta
782 3169 823 3214 est
843 3159 877 3212 ab
899 3158 1026 3211 Aristone
1051 3157 1111 3210 Pel·
1162 3149 1286 3194 fficium
1299 3140 1401 3194 Lucam
1413 3139 1593 3211 de⁸⁰¹¹P⁸¹¹³⁸<³·

1019 3306 1245 3337 ,4-

997 3417 1048 3478 De
1062 3415 1162 3478 eodem
1180 3416 1275 3500 Opere

701 3518 755 3583 lta
770 3518 924 3603 Origenes
940 3518 1057 3581 Contra
1074 3516 1206 3592 Celsum,
1221 3516 1275 3578 lib.
1292 3516 1332 3578 iv.
1349 3538 1377 3579 o.
1394 3536 1447 3600 52.
1463 3539 1494 3600 p.
1507 3532 1585 3601 544.

821 3622 872 3684 ed.
888 3620 1058 3683 Delaman.
1074 3641 1105 3703 p.
1125 3639 1196 3704 199.
1212 3619 1262 3682 ed.
1280 3617 1439 3702 Spenoeri.

626 3726 704 3794 -’ἐν
724 3728 747 3817 ᾧ
776 3742 827 3811 (sc.
839 3745 876 3814 τῷ
887 3737 985 3813 βιβλίῳ
998 3737 1095 3813 τούτῳ)
1114 3728 1337 3809 ἀναγέγραπται
1361 3728 1540 3808 Χριστιανὸς
1554 3730 1687 3816 Ἰουδαίῳ

581 3835 796 3915 διαλεγόμενος
811 3833 870 3896 ἀπὸ
885 3838 944 3896 τῶν
957 3831 1129 3895 Ἰουδαϊκῶν
1140 3832 1276 3912 γραφῶν,
1295 3831 1342 3893 καὶ
1358 3830 1472 3897 δεικνὺς
1487 3833 1540 3896 τὰς
1555 3834 1625 3912 περὶ
1635 3839 1688 3897 τοῦ

582 3939 715 4016 Χριστοῦ
732 3935 913 4015 προφητείας
929 3936 1107 4015 ἐφαρμόζειν
1122 3937 1162 4017 τῷ
1178 3931 1289 4011 Ἰησοῦ·
1311 3935 1361 3996 καί
1374 3956 1420 3995 τοι
1434 3957 1470 4014 γε
1486 3934 1537 3996 οὐκ
1553 3934 1688 4014 ἀγεννῶς
1696 3967 1733 4024 30

581 4036 642 4101 οὐδ’
663 4039 801 4117 ἀπρεπῶς
827 4041 866 4122 τῷ
889 4036 1038 4121 Ἰουδαικῷ
1062 4037 1212 4119 προσοίπῳ
1234 4040 1287 4098 τοῦ
1308 4034 1410 4116 ἑτέρου
1433 4036 1595 4114 ἱσταμένου
1614 4037 1688 4118 πρὸς

582 4140 757 4219 τὸνλόγον.

1700 3465 1732 3522 25

626 4259 699 4313 -ibi
733 4259 805 4311 enim
839 4258 1008 4312 Christianus
1044 4277 1106 4312 cum
1176 4276 1238 4312 uam
1261 4267 1369 4313 strenue
1390 4258 1558 4314 adversarius
1580 4270 1685 4315 contra·

581 4331 679 4385 Judaeo
710 4328 842 4382 disserens
877 4328 1041 4382 demonstrat
1074 4347 1107 4382 ex
1177 4330 1228 4382 'cat
1249 4347 1443 4410 personamque
1461 4329 1603 4384 iudaicam
1625 4333 1685 4401 pul·

581 4400 701 4456 Judaicia
739 4398 883 4467 Scripturis
918 4398 1041 4451 vaticinia
1074 4398 1108 4451 de
1159 4399 1222 4452 chre
1234 4399 1373 4453 sustineat.
1692 4410 1727 4468 35

582 4470 690 4523 Christo
702 4467 736 4521 ad
748 4468 844 4522 iesum
857 4468 987 4537 pertinere
994 4489 1003 4530 ;
1023 4485 1107 4537 quan·
