4359 5150
606 458 671 522 268
980 454 1334 522 ANNOTATIONES

608 632 677 689 tum
688 623 867 686 Burtonum
878 626 1007 683 seeutus
1023 621 1114 684 velim
1124 642 1207 685 nuno
1217 623 1400 687 rosoribere.
1436 623 1712 686 Zimmermsnnus

608 725 735 809 quidem
746 721 1015 803 παρεισαγόγησαν
1026 731 1100 805 post
1111 721 1291 785 Strothium
1307 723 1466 807 reposuit3
1494 722 1712 788 Heiniuhenus

609 849 684 890 vero
699 824 925 906 παρεισήγαγον
940 823 1078 906 praefert.

656 927 695 989 P.
708 929 781 988 216.
798 924 818 987 l.
834 928 886 987 τό.
911 925 968 987 mr
982 924 1028 988 ὅτι
1043 949 1078 1004 γε
1095 925 1168 1007 διο]
1193 923 1274 988 Oum
1296 924 1387 987 ietaeo
1402 922 1531 986 Eusebii
1553 923 1712 1008 posuisset

611 1027 767 1111 Georgius
788 1025 950 1110 Synoellus
976 1026 1009 1089 in
1029 1025 1289 1109 Chrodoyrapdio,
1310 1046 1383 1109 pag.
1403 1044 1479 1109 344
1504 1025 1617 1088 eedem
1638 1032 1711 1089 tun·

610 1150 706 1213 quam
721 1128 831 1191 debita
846 1126 991 1211 Syneello
1005 1135 1143 1202 tantum,
1163 1126 1249 1189 haud
1269 1126 1418 1211 primitus
1437 1126 1588 1200 Eusebio,
1606 1128 1712 1211 Hege-

608 1229 691 1314 sippi
716 1228 865 1312 colligens
889 1228 1086 1311 Fragmenta
1112 1227 1213 1290 edidit
1235 1227 1273 1291 ol.
1295 1225 1484 1291 Gollandius
1509 1227 1543 1290 in
1566 1235 1657 1293 tomo
1679 1227 1711 1290 ii.

612 1328 758 1394 Biblioa.
771 1330 847 1392 ΡΡ.
864 1352 896 1414 p.
907 1332 958 1409 67.

653 1431 690 1493 P.
703 1448 776 1513 217.
792 1429 813 1491 l.
828 1450 855 1497 2.
881 1431 940 1493 Καὶ
959 1430 1141 1508 ἐπέμενενῆ
1161 1431 1306 1506 ἐκκλησία
1325 1431 1343 1508 ἡ
1365 1432 1531 1509 Κορινθίων
1553 1427 1626 1513 διο]
1651 1428 1714 1491 His

611 1531 786 1618 Hegesippi
805 1531 908 1594 verbis
928 1554 986 1594 sua
1001 1530 1155 1615 praemisit
1172 1530 1329 1594 Eusebius
1338 1555 1348 1606 ;
1369 1528 1409 1594 ‘0
1423 1532 1480 1609 μὲν
1494 1531 1549 1594 οὖν
1562 1528 1712 1611 Ἡγήσιπ-

609 1658 667 1698 πος
681 1635 716 1695 ἐν
731 1633 821 1696 πέντε
836 1639 897 1698 τοῖς
913 1635 954 1698 εἷς
968 1633 1043 1713 ἡμᾶς
1063 1634 1206 1695 ἐλθοῦσιν
1225 1630 1426 1709 ὑπομνήμασι,
1442 1635 1493 1709 τῆς
1508 1633 1583 1696 ἰδίας
1596 1633 1714 1711 γνώμης

504 1740 508 1744 ’
607 1733 817 1813 πληρεστάτην
837 1732 955 1814 μνήμην
979 1732 1206 1798 καταλέλοιπεν
1242 1735 1277 1796 ἐν
1306 1734 1351 1799 oie
1376 1737 1470 1811 δηλσΐ,
1497 1734 1537 1798 ὣς
1559 1735 1712 1799 πλείστοις

611 1836 785 1900 ἐπισκόποις
805 1836 987 1913 σνμμίξειεν,
1006 1836 1173 1913 ἀποδημίαν
1192 1833 1393 1913 στειλάμενας
1411 1835 1501 1917 μέχρι
1518 1833 1641 1914 Ῥώμης·
1667 1835 1714 1897 καί

609 1937 648 2002 ὣς
666 1937 712 1998 ὅτι
732 1936 787 2013 τὴν
806 1935 898 2013 αὐτὴν
917 1938 998 2015 παρὰ
1015 1934 1139 1997 πάντων
1159 1936 1329 2015 παρείληφε
1349 1939 1557 1999 διδασκαλίαν.
1588 1937 1715 1998 ἀκοῦσαι

609 2037 692 2119 γέτοι
707 2036 832 2117 πάρεστι
849 2040 924 2115 μετὰ
942 2038 1009 2099 τινὰ
1024 2037 1091 2112 περὶ
1106 2040 1157 2115 τῆς
1178 2036 1351 2115 Κλήμεντος
1369 2038 1443 2117 πρὸς
1463 2039 1637 2116 Κορινθίους
1652 2037 1714 2099 ἐπι-

611 2142 722 2215 στολῆς
739 2139 817 2221 edrai
833 2137 981 2217 εἰρημένα,
998 2137 1191 2218 ἐπιλέγοντος
1205 2143 1305 2201 ταῦτα·
1330 2143 1399 2201 ΚΑΙ
1416 2138 1559 2217 ἐπέμενεν
1574 2139 1592 2216 ἡ
1608 2139 1713 2212 ἐκκλη-

612 2242 666 2302 σία
680 2244 738 2300 τῶν
755 2240 920 2318 Κορινθίων
936 2240 992 2301 διο.
1029 2239 1219 2323 Ηορσοιρριισ
1235 2240 1357 2324 quidem
1370 2241 1405 2303 in
1418 2241 1547 2325 quiaque
1564 2241 1716 2303 Omana

612 2341 762 2408 raetorum
783 2338 871 2402 libres
884 2340 938 2423 qui
953 2340 998 2403 ad
1016 2361 1068 2402 nos
1082 2351 1295 2424 perveneram,
1312 2342 1546 2406 ίνσιιίσηδιέοςὶνκα
1559 2342 1639 2423 fidoi
1652 2361 1715 2405 τσο

610 2440 780 2503 testimonia
794 2438 877 2503 οσδές
891 2440 1025 2525 τσίίηιιίν.
1048 2440 1164 2505 smair
1177 2443 1258 2505 enim
1270 2464 1310 2515 ee,
1326 2464 1393 2506 oum
1408 2444 1537 2505 Romam
1544 2443 1715 2525 proficisce-

610 2550 705 2616 retur,
716 2540 869 2626 plurimos
882 2542 1029 2628 episcopm
1041 2541 1166 2619 adiisse,
1181 2552 1209 2607 er
1227 2542 1266 2606 ab
1279 2542 1413 2608 omnibus
1426 2564 1519 2608 auom
1533 2543 1715 2628 aedemque

611 2642 763 2704 audivisse
777 2642 958 2705 doctrinam.
988 2644 1074 2705 Idem
1088 2653 1247 2727 postquam
1262 2644 1297 2707 de
1313 2644 1472 2708 (lamentis
1485 2644 1530 2707 od
1544 2644 1715 2708 Corinthios

610 2744 734 2825 epistula
754 2745 894 2825 ηνσιίαιιι
921 2745 1170 2816 commoravit,
1189 2746 1253 2807 leaeo
1271 2747 1372 2821 addit,
1390 2768 1457 2829 qum
1477 2767 1538 2816 ιιος,
1559 2747 1587 2807 ei
1604 2745 1712 2828 placet,

612 2845 785 2906 audiam-ue
833 2847 889 2906 ET
906 2845 1144 2908 Corinthiorum
1161 2848 1297 2929 quidem,
1314 2849 1421 2930 inquit,
1438 2846 1567 2908 eeclesia
1585 2849 1641 2909 &a

657 2946 739 3007 Ibid.
756 2947 776 3008 l.
799 2966 830 3028 3.
854 2947 909 3029 οἷς]
937 2946 1010 3008 Etsi
1037 2948 1181 3011 ediderat
1209 2949 1373 3012 Strothius
1398 2947 1421 3031 ᾧ
1446 2948 1583 3011 testibus
1608 2948 1714 3012 citatis

614 3050 734 3129 Rufino,
751 3047 931 3129 Nicephora
950 3048 1116 3131 Christeph.
1134 3050 1228 3112 Lectt.
1253 3050 1424 3132 Verrioque
1444 3049 1475 3110 in
1494 3050 1656 3125 Versione‚
1673 3049 1713 3110 nil

612 3157 720 3210 tamen
737 3170 862 3210 neeesse
881 3149 956 3209 mihi
973 3149 1073 3211 visum
1089 3157 1147 3224 est,
1164 3161 1200 3214 ut
1218 3152 1393 3213 editionum
1411 3158 1507 3234 atque
1522 3150 1714 3234 manuscrip-

613 3258 719 3312 torum
735 3250 828 3312 lectio
849 3258 1037 3312 mutaretur.
1085 3252 1156 3313 Hoe
1175 3253 1249 3314 olim
1272 3253 1347 3324 dixi,
1370 3274 1454 3314 nuno
1475 3252 1655 3315 Strothium
1670 3275 1713 3314 se

614 3360 708 3413 cutus
728 3360 777 3413 est
797 3351 1081 3427 Zimmermannus‚
1104 3356 1187 3416 haud
1210 3355 1257 3417 ita
1276 3363 1334 3417 aut
1355 3353 1542 3428 Heiniehen,
1559 3363 1617 3416 aut
1637 3355 1713 3416 Bur-

615 3462 719 3516 tonus.
765 3452 913 3514 Ceterum
936 3454 1019 3516 hunc
1047 3456 1284 3518 Corinthiorum
1305 3457 1496 3539 episcopum,
1517 3456 1712 3518 nominatum

614 3554 767 3627 Primum,
784 3554 859 3622 alibi
875 3577 1030 3638 nusquam
1043 3564 1325 3620 commemoratum
1341 3579 1374 3619 se
1389 3557 1554 3639 reperisse,
1570 3558 1618 3621 ait
1636 3558 1713 3621 Hal·

615 3654 739 3718 loixius.
950 3639 951 3642 Ἴ

661 3755 745 3817 Ibid.
771 3756 790 3817 l.
812 3775 842 3837 5.
871 3758 1071 3841 συνεπάημεν]
1105 3758 1286 3841 Adscripsit
1317 3760 1457 3843 Scaliger
1487 3781 1551 3822 01¹ae
1582 3761 1712 3844 exempli

615 3855 824 3937 Stephaniani
841 3861 1117 3937 συνανεπαύθημεν.
1142 3883 1212 3942 quae
1233 3861 1360 3942 quidem
1375 3861 1471 3924 lectio
1487 3870 1596 3925 exstat
1611 3863 1644 3925 in
1660 3885 1713 3925 ιιιιο

616 3959 652 4021 de
669 3958 803 4019 Floreat.
820 3966 853 4020 et
878 3960 909 4020 in
929 3959 1023 4021 altero
1043 3961 1188 4044 superius
1208 3962 1367 4025 scribitur.
1413 3963 1487 4026 Vox
1508 3965 1645 4028 Pauline
1668 3972 1713 4028 est

615 4060 871 4137 συναναπαύομαι,
889 4062 975 4122 Bora.
990 4083 1039 4123 xv.
1053 4080 1104 4144 32.
1152 4062 1214 4124 Sed
1231 4063 1307 4124 nihil
1323 4066 1520 4127 mutandum.

660 4159 741 4221 Ibid.
756 4160 776 4222 l.
790 4163 819 4223 6.
843 4161 984 4241 διαδοχὴν
1005 4163 1187 4240 ἐποιησάμην
1204 4165 1307 4244 μέχρις
1320 4163 1488 4249 Ἀνικήτσν]
1519 4168 1655 4231 Servilius
1675 4168 1712 4232 ud

615 4281 704 4321 oram
730 4262 777 4323 sui
801 4262 917 4324 eodiois
944 4285 1001 4345 pro
1025 4265 1167 4345 διαδοχὴν
1186 4265 1324 4328 correxit
1346 4269 1519 4344 διατριβὴνς
1545 4277 1654 4332 utrum
1676 4292 1712 4332 ex

615 4362 806 4444 oonjeotura‚
830 4386 871 4426 an
888 4386 927 4426 ex
950 4363 1011 4425 fide
1034 4365 1239 4448 manuscripti
1261 4367 1457 4449 exemplaris,
1479 4369 1645 4433 incertum.
1667 4378 1710 4432 ut

613 4484 747 4549 eumoue
763 4476 870 4528 tamen
887 4467 1063 4528 necessaria
1079 4475 1128 4530 est
1145 4467 1212 4530 haeo
1224 4469 1412 4532 emendatio
1446 4472 1548 4534 Porro
1564 4472 1596 4535 in
1612 4472 1710 4555 eapite
