4359 5150
872 1280 1320 1380 MONITUM.

992 1534 1210 1585 -0—

543 1718 754 1821 HABES,
771 1739 821 1807 mi
840 1738 982 1826 Lector,
999 1764 1106 1833 quem
1123 1745 1222 1834 potui
1240 1744 1559 1829 instructissimum,
1576 1747 1648 1817 Lu-

541 1860 664 1930 doviei
686 1858 876 1932 Muretorii
893 1858 1024 1958 εὕρημα,
1041 1864 1087 1934 ed
1105 1864 1287 1935 Canonem
1306 1866 1404 1937 Novi
1429 1867 1649 1939 Testamenti

541 1982 740 2073 pertinens,
757 1984 1006 2074 imperfectum
1023 1986 1166 2075 quidem
1185 1987 1253 2057 hoe
1274 1997 1311 2058 et
1334 1986 1534 2072 ἀδέσποτον,
1551 2011 1650 2083 meg·

541 2105 584 2173 ni
601 2111 725 2173 tumen
740 2107 922 2188 momenti,
942 2107 1072 2197 quippe
1089 2129 1172 2175 eum
1189 2108 1284 2179 ineo
1305 2109 1403 2179 Libri
1422 2112 1510 2181 sacri
1527 2112 1650 2182 ordine

543 2226 721 2296 nominati
738 2234 865 2308 essent,
888 2227 996 2297 etiem
1014 2236 1098 2299 ente
1115 2228 1213 2298 illem
1231 2227 1395 2323 Origenis
1416 2234 1651 2306 enumeratio-

543 2369 643 2418 nem.
695 2345 740 2417 In
756 2347 793 2416 id
809 2370 912 2438 porro
930 2369 1068 2418 summo
1085 2371 1170 2419 oure
1193 2351 1347 2431 incubui,
1365 2360 1407 2421 ut
1430 2353 1459 2423 si
1484 2353 1544 2442 qui
1568 2376 1651 2423 euo-

545 2478 645 2541 tores
662 2469 888 2541 ecelesiastici
903 2494 928 2541 e
943 2470 1142 2561 primordiis
1158 2471 1241 2542 fidei
1258 2473 1304 2542 ed
1321 2472 1520 2543 Eusebium
1537 2495 1649 2564 usque

546 2593 607 2663 rel
623 2592 806 2685 profemnt
822 2592 880 2662 vel
896 2600 1038 2662 tantum
1056 2590 1255 2663 memorent
1278 2603 1415 2666 sanetas
1431 2594 1509 2665 illas
1534 2594 1652 2688 Serip-

547 2724 658 2798 turas,
676 2737 753 2807 quoe
775 2713 835 2785 hio
859 2721 1121 2796 enumerentur,
1142 2714 1168 2783 ii
1192 2715 1336 2804 quidem
1360 2738 1482 2788 omnes
1498 2724 1557 2799 τῆς
1574 2746 1652 2810 ‘yra-

547 2839 709 2920 mdrnror
728 2839 883 2929 ipsemm
908 2844 1019 2908 testes
1043 2837 1306 2908 adhiberentur.
1359 2838 1440 2909 Neo
1466 2841 1587 2924 timeo,
1605 2864 1651 2912 ne

549 2960 651 3032 nihili
681 2962 856 3053 pendetur
872 2959 972 3029 labor
988 2981 1111 3042 meus3
1136 2961 1302 3050 quoniam
1329 2959 1463 3052 legenti
1486 2961 1575 3031 mihi
1596 2970 1653 3032 to·

549 3091 629 3153 tum
653 3084 822 3173 cujusque
845 3081 998 3151 auctoris
1023 3103 1112 3174 opus
1140 3103 1179 3152 se
1205 3081 1412 3155 obtulerunt
1436 3084 1651 3168 testimonie,

550 3226 629 3296 quse
653 3203 809 3273 breviter
834 3203 1048 3296 oonsignevi.
1099 3202 1207 3274 Adde
1232 3204 1326 3294 quod
1352 3203 1573 3297 spicilegium
1598 3227 1653 3274 re·

551 3326 678 3397 lictum
700 3326 789 3397 mibi
809 3326 919 3397 fuisse
941 3333 1023 3417 post
1046 3325 1205 3408 eliorum,
1224 3348 1307 3396 eum
1332 3328 1556 3408 nostratium,
1572 3333 1651 3397 tum

551 3456 766 3529 exterorum,
783 3445 920 3517 labores
937 3447 1051 3528 sensi;
1080 3445 1175 3516 baud
1192 3446 1328 3516 intereo
1344 3445 1520 3527 dubitans,
1537 3444 1653 3516 mults

552 3569 735 3663 permagni
752 3569 925 3639 momenti
942 3588 1028 3650 esse,
1046 3588 1124 3658 quoe
1141 3574 1179 3638 et
1196 3589 1255 3637 me
1271 3566 1513 3659 praeterierint
