4359 5150
598 440 664 502 224
968 435 1321 500 ANNOTATIONES

598 605 798 679 vestimenta,
824 611 859 668 et
887 603 1089 687 supellectile,
1115 603 1239 688 quoties
1268 602 1380 687 polluti
1410 611 1527 680 emant,
1552 603 1634 667 adeo
1662 609 1698 666 nt

597 704 879 786 Ἥμεροβαπτιστής
898 704 981 766 idem
998 703 1051 779 sit,
1067 703 1121 788 qui
1137 702 1290 767 Rubblnis
1308 712 1366 774 Ul*
1388 672 1485 774 ⁸7in
1500 712 1646 779 vocatur,
1661 725 1699 767 00

599 806 652 870 die
666 806 848 890 tingendus,
858 826 921 888 quo
935 804 1053 868 scilicet
1064 806 1177 868 fuisset
1188 804 1336 889 pollutus.
1368 805 1431 869 Sed
1443 806 1560 869 viderit
1569 805 1617 868 vir
1627 805 1698 868 doc

599 908 749 983 tissimus,
766 929 807 970 an
819 905 985 969 verisimile
996 906 1047 978 sit,
1060 915 1098 969 ut
1108 906 1188 991 legis
1202 907 1355 971 Mosaicoe
1370 907 1594 970 observatores
1604 927 1697 989 prop-

598 1015 689 1071 terea
704 1017 793 1071 secta
814 1008 921 1091 aliqua
940 1007 1208 1083 existimarentur,
1224 1017 1281 1071 aut
1301 1007 1383 1071 tales
1404 1028 1474 1070 esse
1496 1029 1517 1070 a
1538 1026 1698 1090 quoquam

598 1108 805 1194 fingerentur,
822 1109 907 1181 dum,
925 1116 961 1172 ut
983 1108 1134 1191 opinatur
1154 1108 1215 1183 ille,
1231 1108 1317 1172 nulla
1334 1131 1369 1172 re
1389 1131 1410 1172 a
1431 1108 1557 1172 caeteris
1575 1107 1599 1169 J
1601 1106 1699 1170 udaeis

599 1209 833 1292 discrepabant.
880 1210 938 1272 Ait
953 1209 1080 1293 quidem
1101 1209 1296 1292 Epiphanius
1311 1210 1398 1273 Hor.
1414 1232 1467 1272 xx.
1483 1230 1571 1272 num.
1586 1230 1617 1293 3.
1634 1208 1699 1271 nul·

599 1309 647 1373 los
669 1310 864 1393 temporibus
886 1311 951 1373 suis
972 1310 1165 1394 superfuisse
1188 1310 1498 1395 Hemerobaptistas,
1515 1311 1602 1373 unde
1624 1310 1699 1372 illud

599 1418 772 1485 constaret,
788 1433 860 1474 eum
876 1411 983 1495 priora
1003 1412 1146 1475 hausisse
1161 1434 1200 1474 ex
1219 1412 1307 1475 libris
1326 1421 1475 1487 tantum3
1499 1434 1609 1475 verum
1631 1411 1699 1495 plus

600 1511 695 1574 semel
711 1519 744 1574 et
759 1512 834 1574 alibi
850 1512 968 1575 diserte
983 1511 1035 1573 ille
1049 1512 1156 1586 refert,
1172 1512 1252 1575 istos
1272 1512 1439 1575 haereticos
1454 1512 1609 1588 docuisse,
1625 1533 1697 1596 pen·

600 1613 675 1676 dere
691 1613 791 1696 ipsam
806 1621 958 1676 aeternam
975 1612 1110 1676 salutem
1126 1635 1166 1675 ex
1180 1614 1396 1677 ablutionibus
1410 1614 1475 1677 suis
1490 1614 1698 1697 quotidianis;

600 1714 745 1779 similiter
758 1737 796 1778 ac
812 1737 936 1796 semper
950 1722 1133 1777 statuerunt
1154 1713 1226 1778 lndi
1246 1714 1427 1791 orientales,
1441 1736 1534 1798 aquae
1549 1716 1579 1778 vi
1594 1716 1700 1780 divina

600 1816 739 1879 animum
764 1816 903 1900 purgari,
925 1824 958 1879 et
979 1816 1136 1900 hodieque
1159 1824 1234 1879 sunt
1254 1815 1544 1899 hemerobaptistae.
1592 1819 1640 1881 Et
1661 1839 1699 1881 ex

601 1938 649 1991 eo,
666 1917 750 1999 quod
773 1925 896 1980 veteres
919 1916 1212 2000 Hemerobaptistae
1235 1939 1354 1980 morem
1376 1939 1468 1981 suum
1490 1925 1590 2003 atque
1612 1919 1699 1984 insti·

601 2021 708 2078 tutum
730 2015 861 2077 nimium
893 2014 1091 2090 extollerent,
1123 2015 1243 2078 lactum
1265 2037 1334 2079 esse
1349 2016 1472 2099 opinor,
1494 2029 1533 2079 ut
1554 2038 1576 2079 a
1599 2037 1697 2101 popu-

600 2115 721 2179 laribus
745 2117 819 2192 suis,
835 2116 888 2199 qui
911 2116 981 2199 ipsi,
1005 2124 1089 2180 teste
1112 2116 1318 2189 Tertulliano,
1335 2117 1372 2180 de
1394 2118 1479 2181 orat.
1496 2139 1522 2180 c.
1541 2138 1589 2196 14.
1605 2126 1641 2181 et
1662 2119 1699 2180 de

601 2218 760 2302 Baptianw
782 2240 808 2280 c.
837 2238 844 2278 ι
851 2234 882 2301 5.
907 2217 1049 2280 membra
1071 2239 1130 2280 sua
1151 2218 1293 2300 quotidie
1316 2218 1471 2295 lavarent,
1492 2227 1583 2283 secta
1606 2219 1699 2282 habe

601 2326 722 2382 rentur.
767 2319 880 2390 Porro,
897 2327 934 2382 ut
948 2319 1098 2382 Justinus
1116 2319 1244 2402 Martyr
1261 2320 1293 2382 in
1308 2319 1439 2404 Dialopo
1455 2342 1522 2383 cum
1544 2321 1700 2405 Tryphone

602 2420 769 2503 Baptistas
790 2441 945 2482 unacum
967 2420 1037 2483 aliis
1051 2420 1075 2482 J
1077 2420 1198 2483 udaicis
1217 2420 1312 2484 sectis
1329 2422 1599 2495 commemorarit,
1616 2443 1699 2485 num.

604 2523 654 2586 80.
670 2521 718 2585 ita
738 2520 1039 2605 Hemerobaptistas
1054 2522 1228 2586 nominavit
1244 2523 1369 2587 Auctor
1385 2524 1509 2588 Corastit.
1525 2525 1633 2608 Apoot.
1648 2523 1698 2587 lib.

603 2623 643 2686 vi.
662 2645 689 2687 o.
706 2625 735 2685 6.
781 2625 831 2685 Ut
846 2623 888 2685 ab
903 2623 952 2685 his
967 2623 1139 2706 gentilibus
1153 2623 1218 2687 suis
1231 2624 1390 2688 Ebionitae
1405 2626 1568 2709 proprium
1583 2647 1701 2689 morem

604 2725 797 2809 quotidianae
820 2724 1025 2797 lustrationis,
1051 2748 1143 2807 quem
1168 2734 1345 2788 memorant
1371 2736 1527 2798 auctorest,
1544 2729 1701 2810 accepisse

603 2825 780 2886 videantur.
826 2825 934 2887 Adisis
955 2848 1024 2907 quae
1048 2826 1193 2888 attulisse
1215 2848 1298 2888 nunc
1320 2827 1410 2889 video
1433 2827 1470 2889 cl.
1488 2828 1701 2889 Moshemium

604 2926 644 2986 de
667 2924 957 3006 Homerobaptistis
979 2924 1011 2985 in
1036 2927 1149 2987 Conana.
1172 2927 1221 2987 De
1243 2925 1343 2989 Rebus
1367 2927 1612 2989 Christianorum
1635 2937 1701 2990 astte

607 3025 832 3087 Corasluntr'num
849 3027 897 3085 M.
915 3026 1039 3108 Proleg.
1056 3048 1081 3086 c.
1098 3044 1124 3087 2.
1143 3027 1172 3105 ξ.
1189 3026 1229 3086 ix.
1246 3049 1276 3109 p.
1288 3047 1340 3110 43.

650 3128 686 3187 P.
701 3144 771 3204 207.
789 3126 808 3186 l.
822 3147 852 3207 9.
879 3127 1094 3209 Μασβωθαῖοι]
1120 3127 1157 3187 ln
1176 3128 1280 3190 tribus
1301 3129 1416 3191 nostris
1438 3129 1599 3191 codicibus
1617 3131 1700 3191 Maz.

604 3227 692 3287 Med.
709 3234 742 3288 et
767 3227 794 3287 F
796 3227 848 3288 uk.
865 3227 980 3309 legitur
998 3230 1185 3304 Μασβώθεοι
1209 3237 1342 3292 accentu
1365 3230 1397 3291 in
1419 3230 1702 3312 antepenultimam

604 3327 756 3409 syllabam
773 3332 899 3409 rejecto.
941 3329 979 3388 ln
996 3328 1132 3390 indiculo
1149 3329 1336 3412 Hieronymi
1354 3330 1521 3393 Morbonei
1537 3332 1702 3405 ‹licuntur3

603 3428 689 3509 apud
710 3427 865 3489 Isidorum
882 3451 955 3490 vero
980 3430 1157 3492 Morbonei.
1204 3431 1353 3493 Ceterum
1376 3431 1408 3492 hi
1433 3433 1620 3494 lllasbothei
1643 3433 1702 3494 dis

605 3528 768 3612 tinguendi
785 3539 859 3591 suut
880 3530 920 3591 ab
936 3530 996 3591 illis
1012 3553 1144 3612 quorum
1166 3532 1261 3614 paulo
1282 3541 1357 3595 ante
1378 3532 1520 3594 meminit
1543 3532 1699 3616 Hegesip-

605 3652 673 3713 pus.
721 3630 766 3690 Hi
793 3631 875 3691 enim
900 3642 992 3693 erant
1014 3655 1053 3693 ex
1077 3640 1198 3714 septem
1231 3634 1326 3695 sectis
1349 3633 1477 3695 Judai'oi
1502 3632 1611 3715 populi
1635 3654 1702 3715 quae

606 3732 690 3793 circa
712 3730 832 3793 Christi
856 3740 1001 3814 tempora
1023 3742 1144 3795 exortae
1164 3742 1247 3796 sunt.
1297 3735 1347 3795 Illi
1364 3756 1436 3796 vero
1451 3756 1490 3795 ex
1506 3743 1629 3816 septem
1645 3734 1702 3795 illis

606 3831 630 3893 J
631 3832 793 3893 udaeorum
814 3833 908 3894 sectis
927 3835 1093 3915 propagati
1114 3843 1197 3909 sunt,
1214 3835 1344 3917 perinde
1359 3857 1396 3897 ac
1412 3834 1595 3908 Simoniani,
1614 3835 1703 3896 Dosi-

606 3933 715 3996 theani
735 3942 832 4016 atque
848 3935 1012 3996 Gortheni.
1030 3935 1107 4013 (vid.
1124 3958 1153 4017 p.
1169 3937 1256 4012 216.)
1304 3935 1387 3996 Mihi
1409 3936 1535 4018 quidem
1556 3937 1703 3999 mendum

607 4035 735 4096 subesse
751 4034 874 4096 videtur
895 4036 924 4095 in
946 4035 1103 4097 alterutro
1126 4036 1300 4119 Hegesippi
1315 4037 1394 4097 loco.
1441 4037 1539 4118 Apud
1555 4037 1703 4099 Rufinum

608 4135 792 4197 Masbuthei
822 4136 970 4197 dicuntur
995 4136 1038 4197 illi
1069 4137 1152 4198 inter
1178 4137 1334 4199 Judni'cns
1360 4144 1464 4199 sectas
1490 4145 1606 4220 quarto
1637 4137 1703 4199 loco

606 4236 772 4299 numerati.
818 4236 884 4297 Alii
901 4258 975 4297 vero
990 4258 1028 4296 ex
1046 4236 1105 4297 illis
1121 4238 1268 4319 prognati
1285 4239 1380 4300 sectis
1401 4238 1550 4300 dicuntur
1572 4238 1702 4300 Masbu-

606 4335 725 4411 theani.
753 4336 805 4397 Sic
820 4336 902 4397 eninr
919 4335 1068 4397 scribitur
1084 4337 1115 4397 in
1132 4338 1254 4420 optimo
1270 4339 1377 4400 codice
1395 4338 1582 4401 Parisiensis
1599 4337 1703 4400 Eccle

608 4437 671 4500 siae.
718 4441 731 4512 <
741 4437 834 4518 Vallo
855 4437 1072 4508 Masbutheni,
1091 4445 1125 4500 et
1144 4440 1220 4502 MS.
1239 4439 1314 4502 Coll.
1331 4440 1442 4523 Mopd.
1462 4441 1554 4503 Onon.
1573 4438 1700 4501 Masbu-
