4359 5150
602 448 684 542 aso
973 444 1342 509 Annoraumuns

603 611 764 675 vissimam
786 611 1037 695 perseeutionem
1060 609 1084 673 J
1086 609 1186 673 udaeis
1208 608 1331 674 illatam
1356 609 1461 673 fuisse.
1515 610 1572 673 Ad
1597 609 1705 674 Domi-

602 713 726 776 tianum
749 711 834 794 quod
855 710 984 786 attinet,
1004 710 1077 774 huie
1099 711 1180 774 bene
1202 718 1281 775 nota
1302 711 1374 785 fuit,
1394 731 1464 794 quae
1484 709 1590 775 iuerat
1609 717 1705 773 antea

604 811 691 898 patri
709 812 778 895 ejus
794 811 1001 895 Vespasiano,
1016 833 1089 895 spes
1110 810 1200 893 mgni
1214 810 1340 875 venturi
1355 813 1378 873 J
1381 810 1481 874 udaeis
1501 810 1606 875 insita.
1653 811 1706 875 lta

604 920 757 997 poterant
775 913 809 975 hi
824 912 882 975 viri
906 913 1041 988 inuooui,
1057 912 1168 996 stirpis
1181 912 1278 996 regiae
1292 911 1445 995 reliquiae,
1460 910 1598 974 Romam
1616 911 1704 975 missi

602 1015 699 1079 luisse
720 1014 812 1098 jussu
835 1014 932 1098 legati
960 1014 1071 1098 Syria,
1098 1013 1279 1095 praefestive
1304 1012 1363 1075 sub
1388 1033 1436 1086 eo,
1462 1010 1505 1073 ad
1532 1018 1704 1093 tyrannum

603 1115 744 1177 omnium
758 1114 1064 1198 suspiciosissimum.
1103 1116 1138 1178 Is
1152 1114 1248 1191 enim,
1262 1135 1334 1177 oum
1349 1112 1437 1197 prius
1451 1110 1645 1186 extitissent,
1656 1132 1704 1173 re·

602 1213 724 1278 serente
750 1215 782 1277 S.
810 1214 922 1291 Paulo,
954 1237 972 1278 e
998 1215 1137 1278 Nemnis
1163 1213 1344 1278 domesticis
1373 1210 1556 1288 Christiani,
1582 1232 1624 1274 ex
1647 1232 1704 1274 suo

602 1336 728 1400 quoque
754 1337 872 1400 genere
900 1314 1128 1391 Christianam,
1158 1315 1272 1379 saltem
1298 1314 1459 1388 Judaeam,
1484 1310 1703 1395 deprehendit.

600 1415 680 1495 Quae
708 1415 835 1498 quidem
858 1415 930 1488 fuit,
955 1422 1088 1479 auotore
1113 1415 1218 1478 Dione
1247 1414 1358 1479 Cassio
1386 1413 1419 1475 iu
1443 1412 1527 1475 Hie.
1550 1412 1702 1487 Romana,

602 1514 751 1579 LXVII.
791 1536 840 1596 14.
872 1516 1040 1580 Domitilla
1070 1515 1184 1579 Flavia
1217 1514 1400 1589 Clementis,
1436 1511 1614 1576 Domitiani
1648 1534 1703 1596 pa·

600 1615 723 1690 tmelis‚
755 1636 845 1691 uxor,
875 1622 909 1679 et
938 1615 1008 1699 ipsa
1036 1615 1240 1699 imperatoris
1272 1613 1515 1697 consanguinea.
1574 1612 1703 1677 Seilieet

488 1737 490 1740 ·
601 1714 805 1779 Domitianus
822 1715 922 1779 allato
941 1716 1098 1779 ambobus
1121 1716 1251 1779 erimine
1274 1714 1449 1799 impietatis
1471 1714 1505 1777 iu
1529 1714 1617 1789 deos,
1639 1736 1703 1799 quo

600 1816 741 1891 erimine,
767 1816 815 1880 ait
840 1815 914 1892 Dio,
938 1816 1044 1899 plures
1069 1815 1133 1893 alii,
1161 1816 1215 1899 qui
1240 1815 1282 1878 ad
1307 1835 1412 1877 mores
1435 1812 1621 1877 Judaeorum
1647 1815 1702 1878 ab

601 1916 788 1992 erraverint,
802 1915 947 1980 damnati
961 1923 1048 1991 sunt,
1065 1914 1265 1979 Clementem
1283 1922 1387 1978 morte
1407 1913 1522 1990 affeoit,
1538 1921 1572 1978 et
1592 1915 1700 1978 Domi·

601 2016 704 2081 tiliam
720 2016 943 2099 deportatione
962 2016 994 2079 in
1015 2016 1150 2079 irisulam
1172 2016 1408 2090 Pandateriam,
1423 2015 1517 2079 sitam
1533 2015 1619 2079 inter
1632 2016 1702 2080 illae

601 2116 753 2181 Pontiam
768 2125 801 2181 et
817 2117 945 2192 Isoiam,
960 2118 1093 2201 punivit.
1132 2117 1243 2180 Refert
1267 2114 1390 2179 interea
1412 2115 1590 2192 Suetonius,
1606 2116 1702 2180 abeo

600 2217 827 2300 interemptum
849 2216 945 2279 luisse
964 2217 1201 2280 ooatemthsimae
1216 2217 1339 2279 inertie
1356 2216 1561 2292 Clementem,
1584 2216 1616 2279 in
1636 2220 1701 2282 De

599 2316 892 2399 mitieao,eap.15.
937 2315 1062 2379 Ambos
1081 2323 1190 2380 autom
1216 2338 1280 2379 nou
1305 2315 1365 2379 levi
1390 2315 1573 2399 conjeotura
1596 2316 1699 2381 Chris

600 2417 708 2480 tianos
722 2416 867 2480 extitisse
881 2416 1088 2500 assequimur.
1123 2416 1218 2480 (lerte
1233 2416 1418 2479 Christiana
1433 2415 1494 2480 luit
1510 2415 1622 2479 Flavia
1637 2417 1701 2480 Do-

601 2516 728 2593 mitilla,
743 2537 839 2601 quam
854 2537 894 2579 ex
909 2538 1017 2580 sorore
1031 2516 1153 2602 neptim
1169 2516 1342 2581 Clementis
1357 2516 1436 2580 dicit
1450 2516 1609 2581 Eusebius
1617 2518 1698 2583 Hes.

604 2617 741 2680 111.1a.
770 2626 803 2680 et
825 2617 914 2699 eujus
936 2617 1031 2679 exilio
1053 2617 1113 2679 sub
1135 2617 1320 2681 Domitiano
1342 2616 1491 2701 principe,
1513 2617 1561 2680 ait
1585 2619 1700 2682 Hiero

603 2738 715 2798 uyniue
730 2717 762 2777 iu
778 2717 918 2798 Epistola
930 2717 974 2778 ad
987 2716 1193 2791 Eaeoctiam,
1205 2716 1307 2778 insula
1322 2716 1440 2778 Pontia
1455 2716 1626 2780 nobilitata
1642 2730 1698 2783 est.

602 2818 705 2878 Immo
721 2817 856 2878 fortasse
880 2816 947 2878 haeo
968 2817 1077 2878 eadem
1094 2823 1143 2878 est
1159 2827 1255 2898 atque
1271 2816 1441 2879 Clementis
1459 2838 1548 2878 uxor.
1597 2819 1700 2883 Perti-

600 2924 656 2979 net
672 2938 794 2997 quoque
810 2917 850 2977 ad
863 2915 886 2977 J
888 2917 958 2978 udae
974 2925 1114 2998 nepotes,
1133 2937 1266 2998 quorum
1280 2916 1407 2977 uomina
1422 2916 1575 2979 haetenus
1590 2918 1700 3000 ignota

602 3015 662 3076 line
678 3016 851 3077 Annotatt.
867 3015 1007 3089 habebis,
1025 3017 1109 3098 quod
1128 3017 1167 3078 de
1191 3016 1374 3077 Domitiano
1394 3016 1515 3078 infenso
1536 3021 1625 3099 regni
1652 3020 1699 3082 sui

599 3116 826 3199 appetentibus
841 3115 941 3177 tradit
954 3114 1179 3187 Philostratus,
1193 3116 1224 3176 in
1243 3117 1313 3178 Vita
1325 3117 1480 3199 Apollonii
1495 3118 1609 3198 Tyana·
1620 3119 1698 3182 Vll.

598 3236 630 3296 5.
655 3217 800 3276 Βούλετοι
816 3214 872 3294 γάρ
897 3241 933 3276 σε
951 3217 1135 3292 Δομετιανὸς
1150 3216 1371 3298 (Apollonium
1390 3217 1561 3299 alloquitur
1586 3219 1699 3282 Demo-

601 3315 697 3396 trius)
717 3316 856 3395 μετέχειν
877 3316 1070 3394 ἐγκλημάτων
1091 3314 1138 3394 ἐφ’
1156 3317 1199 3380 οἷς
1222 3319 1357 3395 Νερούος
1378 3320 1413 3378 τὲ
1432 3318 1479 3379 καὶ
1499 3321 1527 3379 οἱ
1549 3320 1606 3380 σὺν
1622 3322 1699 3404 αὐτῷ

600 3418 756 3494 φεύγουσι.
787 3417 939 3493 Φεύγουσι
954 3415 991 3485 δ’,
1008 3415 1052 3490 ἧδ’
1068 3415 1111 3489 ὃς,
1128 3417 1176 3477 ἐπὶ
1191 3420 1253 3497 roi:
1270 3415 1340 3478 Ἐπὶ
1355 3422 1537 3503 τῇμεγίστῃ,
1556 3421 1624 3500 ἔφη,
1641 3428 1699 3484 τῶν

600 3519 653 3575 νῦν
669 3517 779 3587 αἰτιῶν,
801 3515 839 3577 ὡς
858 3519 940 3575 δοκεῖ
959 3518 998 3595 τῷ
1015 3516 1160 3590 διώξαντι,
1179 3518 1254 3593 φησὶ
1270 3519 1327 3595 γὰρ
1346 3518 1448 3582 αὐτοὺς
1464 3521 1513 3579 ἐπὶ
1533 3520 1587 3595 τὴν
1603 3523 1699 3602 ἀρχὴν

599 3613 652 3689 τὴν
683 3615 772 3674 αὐτοῦ
803 3618 956 3690 πηδῶντας
986 3613 1135 3698 ᾑρηκέναι,
1168 3618 1202 3676 σὲ
1239 3619 1270 3677 δὲ
1299 3620 1459 3697 ἐξορμῆσαι
1492 3622 1559 3685 τοὺς
1590 3623 1698 3701 ἄνδρας

600 3713 631 3776 ἐς
646 3719 749 3784 ταῦτα,
761 3717 868 3776 παῖδας
883 3713 963 3789 οἶμαι
978 3713 1114 3791 τεμόντα.
1137 3716 1213 3777 edit.
1233 3717 1307 3778 Ald.

643 3812 681 3874 P.
706 3831 778 3878 212.
804 3812 824 3873 l.
850 3833 900 3875 22.
923 3816 1023 3876 υἱωνοὶ
1038 3814 1151 3898 Ἰούδα]
1178 3818 1218 3877 Iu
1241 3819 1347 3880 codiee
1369 3818 1470 3902 Regio
1492 3842 1530 3882 ao
1553 3821 1642 3885 Med.
1665 3830 1699 3885 et

597 3911 684 3995 apud
701 3912 875 3994 Georgium
892 3913 1070 3995 Synoellum
1086 3915 1203 3998 legitur
1222 3920 1293 3979 υἱῶν
1306 3918 1403 3981 Ἰούδα
1425 3920 1484 3981 levi
1508 3923 1697 3986 discrimine.

598 4010 748 4073 Ceterum
774 4012 872 4073 miror
898 4014 1104 4096 Scaligerum,
1132 4016 1185 4097 qui
1212 4017 1243 4077 in
1267 4019 1604 4085 Animadversiouibus
1631 4028 1697 4087 Eu-

597 4109 736 4171 sebiauis
763 4132 836 4192 pag.
867 4113 935 4190 187.
966 4121 1033 4175 tam
1059 4115 1243 4191 Eusebium,
1270 4139 1364 4199 quam
1393 4121 1611 4205 lfflegesippum
1638 4124 1695 4184 im-

597 4210 711 4272 merito
740 4212 953 4292 reprehendit.
1001 4214 1083 4276 Nam
1110 4238 1210 4297 neque
1244 4219 1446 4301 Hegesippus
1475 4223 1697 4303 posteritatem

598 4309 730 4374 Davidis
744 4312 786 4373 ad
801 4313 880 4373 duos
898 4319 1024 4377 tautum
1042 4315 1184 4376 homines
1197 4330 1272 4378 tune
1288 4340 1357 4379 esso
1372 4319 1533 4381 redactam
1552 4321 1646 4396 dixit,
1661 4331 1696 4385 ut

596 4409 676 4474 salso
702 4411 730 4472 ei
759 4411 870 4494 objioit
895 4413 1054 4495 Sealiger;
1089 4417 1144 4477 sed
1171 4418 1392 4498 posteritatem
1417 4416 1513 4481 Judae
1543 4422 1597 4503 qui
1624 4430 1694 4484 erat
