4359 5150
609 439 653 502 64
983 440 1340 506 ANNOTATIONES

608 620 694 683 Psal.
709 619 786 682 lxxi.
803 619 856 702 qui
872 619 1052 684 Salomonis
1066 642 1135 684 esse
1155 620 1351 697 inscribitur,
1365 620 1504 685 maxime
1524 621 1565 685 ad
1583 643 1663 686 vera.
1680 639 1708 704 7.

607 729 641 785 et
657 722 686 785 8.
733 722 884 797 Granius,
899 723 941 785 ad
957 723 1046 787 eund.

651 825 689 886 P.
706 822 796 907 51.1.
817 839 864 905 17.
889 824 1156 908 evangelizantem
1171 831 1205 887 et
1219 823 1293 908 illis]
1321 826 1373 888 De
1395 824 1516 909 origine
1535 825 1632 909 hujus
1646 824 1709 909 opi-

606 924 720 1001 nionis,
744 945 799 988 seu
824 931 912 988 reeta
937 925 971 988 S.
988 925 1164 1009 Soripturae
1191 925 1468 1009 interpretatione,
1493 926 1521 990 si
1545 926 1709 1010 theologos

606 1028 695 1092 adire
710 1027 795 1104 velis,
811 1028 948 1092 fortasse
962 1028 1066 1092 instar
1085 1029 1226 1091 omnium
1248 1029 1311 1092 erit
1332 1028 1526 1092 Pearsonius
1546 1029 1581 1091 in
1598 1029 1708 1113 Eapoe.

606 1128 744 1213 Symboti
760 1130 865 1193 Artie.
882 1131 1048 1193 Descendit
1061 1131 1107 1193 ad
1120 1131 1244 1213 inferos
1734 1135 1736 1139 ’

652 1230 735 1292 Ibid.
759 1230 780 1293 l.
804 1251 854 1312 24.
882 1253 946 1294 non
976 1232 1179 1316 imputabant
1205 1231 1311 1313 nobis]
1344 1229 1389 1292 H.
1414 1251 1441 1292 e.
1468 1228 1607 1293 ethnicis
1636 1236 1708 1293 ante

606 1331 726 1395 Christi
740 1332 924 1408 adventum,
941 1340 978 1396 ut
992 1339 1079 1397 reete
1099 1332 1146 1397 ait
1162 1332 1310 1397 Grabius.
1357 1331 1492 1411 Quando
1514 1339 1626 1395 autem
1649 1353 1707 1394 non

606 1434 831 1518 imputabant?
869 1434 939 1514 Quo
954 1441 1099 1518 tompore
1113 1435 1314 1498 adventurum
1322 1455 1432 1517 paoem
1443 1430 1580 1517 pastibus
1592 1454 1707 1496 1111111111-

605 1534 733 1598 ts'ebout.
758 1535 833 1599 Vid.
850 1559 880 1620 p.
893 1555 946 1619 50.
963 1536 983 1597 l.
999 1556 1048 1617 19.
1065 1546 1097 1599 et
1112 1535 1195 1599 infra
1209 1557 1241 1619 p.
1253 1552 1307 1618 51.
1353 1534 1405 1597 Ex
1420 1534 1489 1597 eod.
1501 1532 1596 1598 Voss.
1613 1536 1708 1620 inpru-

605 1635 711 1700 tebont
724 1658 784 1721 pro
798 1638 952 1721 liupatoat
965 1643 1042 1700 ante
1059 1637 1260 1700 Massuetum
1274 1642 1425 1720 posuerat
1442 1635 1594 1699 Grabius.

652 1738 735 1801 Ibid.
751 1739 772 1800 1.
789 1758 842 1823 3¹·
859 1738 1009 1821 quoniam
1028 1759 1110 1800 unus
1124 1745 1174 1800 est
1189 1736 1279 1800 Deus
1292 1745 1402 1800 nostor
1416 1745 1449 1801 et
1464 1736 1604 1822 illorum]
1630 1738 1708 1803 Gon-

605 1848 660 1905 tra
674 1839 841 1904 haereticos
856 1840 959 1904 Deum
975 1840 1008 1901 in
1023 1838 1123 1901 veteri
1134 1844 1329 1902 testamento
1343 1837 1569 1902 annuntiatum
1584 1861 1605 1903 a
1619 1853 1709 1924 patre

607 1941 736 2006 Domini
751 1941 851 2004 nostri
868 1940 986 2005 Christi
1002 1940 1246 2024 distinguentes,
1259 1940 1366 2003 omnia
1380 1940 1448 2003 haeo
1463 1946 1603 2004 veterem
1625 1962 1708 2025 pres

606 2044 753 2128 byterum
783 2042 911 2118 dixisse,
937 2042 1113 2105 ostendunt
1141 2043 1248 2118 verba,
1273 2062 1344 2126 quae
1367 2041 1451 2105 infra
1477 2048 1657 2125 sequuntur
1679 2065 1708 2127 p.

605 2163 659 2229 53.
680 2144 699 2207 l.
711 2165 763 2229 39.
780 2152 814 2208 et
835 2144 921 2220 alibi,
937 2143 998 2207 etsi
1021 2142 1118 2207 effata
1139 2150 1213 2226 post
1238 2142 1320 2205 hane
1342 2144 1431 2223 ῥῆσιν
1454 2143 1600 2227 proxime
1625 2145 1708 2228 apud

608 2246 766 2311 Irenaeum
787 2246 909 2318 addita,
932 2245 1046 2309 Irenaei
1071 2244 1173 2329 magis
1198 2266 1295 2328 quam
1318 2244 1496 2329 presbyteri
1520 2244 1627 2323 fuisse,
1647 2254 1708 2310 sta·

606 2355 697 2412 tuere
713 2347 831 2411 malim.

652 2452 685 2513 P.
700 2467 753 2533 52.
770 2450 790 2511 l.
807 2466 855 2532 17.
878 2450 979 2531 vides]
1006 2449 1058 2511 Sio
1073 2469 1133 2534 pro
1148 2447 1261 2523 eidem,
1278 2447 1362 2530 quod
1385 2468 1512 2509 sensum
1537 2449 1621 2512 male
1646 2472 1710 2514 sus·

606 2551 727 2636 pendit,
743 2550 869 2634 reposui
887 2550 1082 2615 auctoritate
1104 2549 1173 2612 eod.
1190 2549 1325 2614 Olarom.
1373 2548 1453 2613 Haeo
1468 2570 1543 2613 vero
1564 2572 1631 2614 non
1648 2552 1710 2616 Ire

606 2652 680 2727 naei,
702 2652 757 2713 sed
782 2651 915 2714 senioris
937 2651 1018 2713 illius
1040 2671 1133 2733 quem
1154 2650 1260 2733 paullo
1280 2657 1356 2714 ante
1382 2650 1502 2728 citavit,
1519 2652 1617 2716 verba
1644 2677 1711 2718 esse

607 2753 763 2816 existimo.
811 2754 968 2814 llussusr.
982 2753 1022 2814 ad
1036 2753 1060 2812 Ι
1059 2773 1121 2812 reu.

652 2857 689 2917 P.
707 2875 759 2936 53.
776 2853 797 2914 l.
819 2873 865 2936 15.
891 2852 1079 2915 ostendebant
1106 2851 1313 2936 Panamara]
1339 2853 1391 2915 Sio
1417 2875 1526 2916 omnes
1550 2857 1652 2919 MSS.
1676 2864 1711 2920 at

607 2954 700 3016 Erus.
712 2952 829 3015 Gallos.
843 2960 876 3015 et
886 2953 1023 3015 Feeur’cl.
1036 2950 1204 3015 ostendebat
1214 2951 1383 3034 Presbyter.
1399 2952 1558 3016 Massam.
1570 2957 1612 3018 ad
1626 2958 1710 3020 Ireu.

608 3056 760 3118 Forsitan
780 3055 877 3117 verba
898 3054 996 3136 ipsius
1018 3054 1183 3137 scriptoris
1205 3061 1292 3129 sunt,
1307 3075 1400 3137 quem
1422 3054 1533 3119 laudat
1556 3056 1709 3124 Irenaeus.

608 3155 683 3219 Vid.
700 3177 797 3240 supra
813 3165 878 3219 not.
891 3157 932 3219 ad
952 3158 1079 3217 Pansa
1097 3178 1169 3239 pag.
1181 3177 1233 3239 31·

651 3259 733 3321 Ibid.
757 3258 777 3320 l.
799 3261 844 3320 16.
882 3280 945 3320 non
977 3257 1259 3342 obtemperabant]
1296 3260 1379 3334 Nou,
1411 3282 1482 3323 eum
1509 3261 1664 3326 omissum
1692 3287 1712 3328 a

607 3361 775 3423 Massueto
799 3368 896 3433 esset,
910 3359 985 3441 quia
1000 3360 1111 3422 deerat
1134 3359 1166 3420 in
1185 3360 1315 3421 Olorem.
1337 3360 1417 3423 Voss.
1431 3362 1585 3426 Aruoelel.
1599 3363 1712 3426 nihilo-

606 3463 710 3525 minus
725 3461 862 3523 restitui.

650 3564 732 3625 Ibid.
751 3562 770 3624 l.
791 3581 839 3644 23.
865 3562 1090 3645 discipulorum
1106 3563 1199 3646 ejus]
1226 3564 1309 3643 Quid
1325 3572 1399 3648 post
1421 3567 1488 3628 haeo
1504 3567 1546 3629 ad
1563 3567 1712 3631 Seniores

606 3687 716 3730 revera
731 3664 902 3747 pertineat,
918 3687 1016 3748 usque
1036 3666 1113 3728 dum
1128 3666 1251 3728 veneris
1270 3668 1311 3730 ad
1327 3668 1423 3730 verba
1443 3690 1482 3731 ex
1503 3669 1597 3732 initio
1614 3671 1709 3734 trice-

606 3769 676 3831 simi
698 3765 811 3849 eapitis
831 3766 863 3827 in
883 3788 968 3828 num.
983 3788 1027 3828 vr.
1043 3789 1063 3829 a
1083 3789 1135 3829 mo
1155 3768 1326 3851 descripta,
1341 3791 1444 3845 neruo,
1460 3778 1497 3833 ut
1519 3772 1641 3854 opinor,
1659 3795 1711 3835 ex-

606 3865 720 3951 piscari
736 3865 865 3949 poterit.

651 3969 734 4031 Ibid.
758 3967 778 4027 l.
791 3985 843 4049 33.
866 3965 987 4028 indicto
1009 3967 1218 4053 audientiam]
1247 3971 1319 4033 Etsi
1345 3972 1402 4035 aiit
1426 3974 1575 4048 Grabius,
1599 3977 1711 4041 “Vide

606 4080 625 4105 “
642 4071 681 4133 de
706 4070 766 4131 hae
790 4090 864 4129 voce
892 4066 1089 4130 Glossarium
1119 4070 1300 4146 Latinuu1,''
1325 4072 1403 4134 nihil
1428 4075 1468 4136 do
1494 4097 1532 4137 ea
1559 4084 1653 4141 extat
1678 4079 1710 4141 in

605 4171 766 4236 Glossario
794 4169 1048 4244 Latino-Graeco,
1076 4173 1162 4253 quod
1190 4175 1314 4236 irenaeo
1344 4176 1490 4240 additum
1517 4184 1578 4242 est.
1626 4183 1710 4244 Voee

603 4283 712 4338 autem
727 4272 924 4356 significatur
938 4272 1017 4334 dieto
1032 4273 1239 4349 inaudientia,
1254 4274 1327 4351 sive,
1344 4276 1558 4342 inobedientia.
