4359 5150
541 405 570 456 x
922 383 1219 457 PRAEFATIO.

542 595 667 663 stram
690 581 979 665 bibliothecam
998 582 1281 680 Bodleianam‚
1295 612 1380 691 quo
1399 585 1593 666 accedere

541 720 754 801 interdum
776 722 862 829 ipse
882 721 1229 802 conferendorum
1257 720 1366 801 inter
1391 748 1434 801 se
1457 749 1596 802 exem-

542 854 721 964 plarium
760 883 882 936 causa
919 854 1113 951 solebam,
1151 855 1415 964 praetermitti
1460 883 1485 936 a
1526 884 1594 936 me

542 1017 685 1099 passus
704 1018 797 1071 sum
817 1002 892 1072 aut
912 989 1080 1099 negligi.
1139 990 1328 1071 Tandem
1349 1018 1497 1071 novem
1517 990 1595 1071 cir-

541 1126 645 1206 citer
663 1124 817 1206 abhinc
836 1154 967 1206 annos
987 1153 1090 1235 opus
1109 1127 1249 1207 denuo
1268 1125 1425 1206 fervere
1440 1125 1593 1232 coepit;

543 1262 602 1342 ita
624 1273 685 1357 ut,
704 1258 903 1342 chartulis
928 1261 1030 1341 meis
1053 1261 1280 1369 descriptis,
1299 1273 1426 1369 atque
1452 1273 1595 1341 aucto

542 1423 635 1477 rum
670 1408 870 1477 contextu
906 1424 1026 1477 novae
1064 1396 1206 1477 incudi
1246 1396 1420 1491 reddito,
1454 1396 1594 1477 omnia

540 1531 742 1612 adornare
756 1560 803 1612 ac
818 1532 986 1612 demum
1002 1530 1212 1613 absolvere
1225 1558 1449 1640 pergerem.
1482 1531 1595 1611 Prae-

542 1680 654 1749 terea
680 1667 801 1776 typis,
821 1681 870 1747 ut
897 1670 1021 1764 vides,
1040 1669 1238 1748 mandata
1264 1681 1327 1747 est
1349 1666 1485 1775 portio
1509 1668 1591 1747 mci

541 1801 691 1884 laboris
723 1803 790 1882 vix
820 1807 952 1913 major
980 1802 1052 1884 illa
1082 1803 1266 1911 quidem,
1300 1803 1373 1883 sed
1406 1829 1501 1910 quae
1532 1829 1594 1883 se-

541 1939 728 2019 cundum
764 1936 946 2018 ecclesiae
979 1936 1227 2018 Christianae
1257 1934 1467 2031 saeculum,
1496 1965 1593 2017 cum

541 2086 658 2184 parte
679 2072 805 2170 tertii,
824 2071 1161 2183 comprehendat.

599 2209 633 2289 I.
660 2208 742 2289 Sed
770 2206 859 2289 haec
890 2206 1102 2289 hactenus.
1162 2206 1276 2296 Quid
1310 2219 1353 2287 et
1385 2205 1509 2316 quale
1538 2209 1594 2288 sit

541 2355 729 2423 nostrum
753 2370 866 2452 opus,
885 2343 1122 2451 quibusque
1143 2343 1196 2422 de
1222 2341 1353 2421 causis
1372 2341 1501 2422 fuerit
1525 2343 1590 2420 in·

540 2478 752 2568 stitutum,
785 2478 980 2588 deinceps
1009 2478 1248 2558 dicendum.
1307 2477 1358 2557 Id
1383 2504 1479 2557 vero
1503 2480 1591 2588 jam

541 2612 641 2694 olim
661 2612 966 2695 communicato
984 2642 1080 2694 cum
1107 2614 1249 2694 amicis
1273 2628 1590 2722 programmate,

541 2750 654 2859 quod
679 2748 748 2830 hic
777 2748 1006 2857 subjicitur,
1025 2748 1079 2830 ad
1103 2748 1217 2829 hunc
1243 2749 1413 2828 modum
1440 2750 1592 2829 facien-

541 2887 641 2966 dum
663 2887 779 2965 duxi.

900 3042 1126 3047 *-
1140 3038 1238 3045 ..--....

598 3217 704 3297 Dum
725 3217 767 3297 in
785 3213 1099 3296 Ante-Nicaenis
1118 3209 1310 3294 Patribus
1328 3213 1591 3323 perlegendis

542 3354 740 3447 versabar,
760 3377 953 3457 magnam
979 3345 1082 3427 mihi
1110 3375 1267 3428 moram
1291 3348 1453 3430 adferre
1479 3348 1590 3430 soliti

541 3498 641 3568 sunt
659 3484 828 3595 plurimi
849 3496 1006 3565 veteres
1027 3481 1268 3590 Scriptores
1287 3483 1359 3590 qui
1386 3485 1591 3565 breviores

541 3632 671 3716 erant,
689 3647 815 3728 quam
835 3630 884 3698 ut
913 3616 1077 3726 prodire
1106 3644 1286 3697 seorsum
1317 3630 1494 3724 possent,
1515 3631 1592 3698 aut

541 3781 720 3863 quorum
746 3755 978 3860 fragmenta
1004 3750 1149 3832 multis
1175 3779 1222 3831 ac
1242 3751 1363 3831 variis
1389 3748 1488 3830 locis
1508 3750 1592 3831 dis-

541 3917 658 3997 persa
677 3916 894 3996 nunquam
914 3885 1051 3968 adhuc
1071 3887 1115 3967 in
1134 3914 1267 3966 unum
1283 3884 1455 3967 collecta
1473 3899 1587 3965 sunt.

598 4023 803 4111 Quoniam
825 4035 965 4104 autem
985 4020 1089 4102 mihi
1108 4022 1151 4101 in
1171 4021 1310 4101 animo
1324 4020 1418 4115 fuit,
1432 4030 1590 4099 statum

541 4160 749 4266 primaevae
783 4157 963 4240 ecclesiae
994 4171 1037 4237 et
1070 4158 1265 4264 dogmata
1298 4167 1339 4236 et
1376 4181 1507 4234 mores
1537 4183 1590 4235 ex

541 4295 678 4403 ipsiuS,
712 4322 786 4402 pro
818 4291 1014 4373 facultate
1044 4320 1145 4385 mea,
1177 4291 1423 4397 investigare
1456 4291 1590 4369 moni-
