4359 5150
619 433 662 497 36
992 433 1345 498 ANNOTATIONES

618 596 714 682 paulo
728 604 825 661 antea
839 596 871 659 in
886 597 946 659 hoc
961 597 1066 681 capite
1080 596 1183 660 dixit:
1207 596 1227 660 δ
1246 597 1295 660 καὶ
1309 597 1436 677 ήγοῦμαι
1450 599 1504 663 τδς
1518 598 1721 662 δποστολικδς

619 697 876 779 παρεκδεξάμενον
901 698 1062 780 διηγήσεις.
1116 696 1270 782 Origenes
1292 697 1324 760 in
1346 696 1399 760 lib.
1416 697 1457 761 iv.
1480 699 1521 761 de
1546 698 1720 783 principiis.

619 804 668 864 διδ
682 805 769 862 τοῦτο
783 800 867 878 ἡμεῖς
881 799 977 862 καὶτὸ
993 801 1027 862 ἐν
1041 800 1082 883 τῷ
1093 801 1152 862 ὑπό
1165 823 1254 862 τινων
1266 798 1534 884 καταφρονουμένην
1547 802 1665 883 βιβλίῳ
1680 804 1719 884 't

619 899 748 978 ποιμένι,
764 903 839 962 οὕτω
855 901 1043 980 διηγούμεθα.
1088 900 1169 963 Vide
1184 921 1254 983 quae
1275 899 1383 964 notavi
1397 900 1439 962 ud
1454 921 1524 983 cup.
1541 900 1604 965 xiv.
1619 901 1675 965 lib.
1691 905 1720 966 6.

621 1001 688 1082 (nbi
704 1008 813 1065 temen
827 1001 979 1081 διηγήσεις
993 1001 1077 1063 idem
1091 1023 1160 1064 esse
1181 1001 1275 1064 docet
1291 1000 1444 1073 Valesius,
1461 1002 1546 1084 quod
1566 1002 1721 1083 ἐξηγήσεις

618 1101 668 1167 vel
684 1103 892 1187 διεξηγήσεις.)
916 1103 1080 1167 νιινςιυς.
1125 1105 1199 1166 Ηοο
1213 1124 1314 1188 genus
1328 1102 1547 1166 enarrationes
1561 1105 1720 1189 excerpsit

622 1203 775 1267 Irenaeus.

664 1305 747 1367 lbid.
763 1305 784 1369 l.
801 1309 829 1367 8.
851 1305 1102 1393 δνοπέμψαντες]
1125 1308 1381 1389 παραπέμψαντες
1395 1306 1544 1370 editionis
1558 1307 1601 1370 B.
1617 1307 1719 1390 &eph

618 1407 843 1491 Niccplton‘th
857 1406 1025 1470 lectionem
1040 1408 1182 1491 reposuit
1198 1407 1329 1471 editioni
1350 1428 1415 1470 suae
1433 1407 1608 1480 strothius,
1624 1430 1720 1493 quum

620 1509 854 1590 ἀναπέμψαντες
883 1530 923 1571 ex
952 1517 1104 1592 sequente
1132 1531 1208 1573 voce
1237 1518 1345 1572 ortum
1373 1515 1513 1593 putaret.
1567 1513 1618 1572 At
1647 1531 1720 1573 vero

619 1616 751 1672 tuentur
773 1609 887 1673 Valerii
901 1609 1069 1672 lectionem
1083 1610 1284 1694 nwnuseripti
1302 1610 1389 1672 Bodl.
1405 1616 1438 1673 et
1453 1609 1594 1692 Norfolc.
1606 1611 1720 1695 repeti-

619 1709 802 1794 tionemque
816 1710 1049 1795 praepositionis
1063 1716 1144 1792 παρὰ
1159 1718 1232 1795 post
1246 1734 1338 1774 voces
1358 1713 1561 1791 παραδίδωσιν
1576 1718 1612 1775 et
1628 1738 1719 1793 παρα-

621 1814 721 1879 δόσεις
746 1834 840 1875 eures
869 1820 987 1875 nostrae
1012 1812 1121 1876 forsan
1146 1834 1236 1896 seque
1260 1834 1345 1897 tegre
1375 1812 1550 1896 patiuntur.
1598 1813 1718 1891 Addus

620 1936 703 1977 nunu
718 1921 859 1979 testante
875 1916 1031 1991 Burton0,
1043 1914 1127 1978 codd.
1143 1915 1230 1978 Mod.
1246 1916 1334 1977 Μαι.
1349 1914 1460 1977 Furat.
1478 1914 1578 1978 Vena.
1593 1915 1719 1979 Flem-

620 2018 761 2103 timeque.

665 2120 746 2185 lbid.
763 2122 943 2204 ἀναγκαίως]
970 2123 1025 2185 Ito
1040 2120 1165 2184 locutus
1185 2119 1281 2183 fnisse
1302 2119 1460 2182 Eusebius
1474 2120 1612 2194 videtur,
1627 2141 1719 2205 prop

620 2228 711 2286 terea
736 2224 820 2308 quod
846 2246 885 2286 ex
911 2223 1061 2286 instituto
1086 2222 1271 2285 testimonia
1294 2222 1334 2284 de
1359 2222 1505 2285 omnibus
1530 2230 1565 2286 et
1590 2221 1719 2307 singulis

622 2324 703 2387 Novi
717 2326 862 2389 Foederis
875 2325 964 2388 libris
979 2324 1126 2409 colligere
1141 2323 1326 2397 statuisset;
1343 2326 1512 2405 ὑπόσχεσιν
1523 2324 1718 2402 πεποιήμεθα,

620 2424 724 2509 inquit
748 2425 918 2502 Eusebius,
944 2425 1042 2489 libr.
1067 2426 1150 2487 Hie.
1167 2446 1195 2487 c.
1214 2426 1243 2489 8.
1265 2424 1494 2504 παραθήσεσθαι
1519 2428 1594 2488 κατδ
1621 2424 1720 2506 καιρὸν

622 2529 755 2595 εἰπόντες
776 2531 830 2595 τδς
851 2534 910 2592 τῶν
933 2528 1066 2610 ἀρχαίων
1091 2529 1356 2606 ἐκκλησιαστικῶν,
1379 2525 1592 2608 πρεσβυτέρων
1614 2552 1649 2592 τε
1674 2528 1721 2591 καὶ

622 2630 835 2710 συγγραφέων,
851 2633 961 2710 φωνὰς,
978 2632 1013 2692 ἓν
1028 2631 1075 2696 αἶς
1094 2633 1147 2695 τὰς
1167 2630 1235 2709 περὶ
1256 2634 1316 2691 τῶν
1338 2628 1518 2707 ἐνδιαθήκων
1532 2635 1661 2711 γραφῶν
1681 2632 1721 2695 εἰς

621 2730 728 2796 αὐτοὺς
754 2734 956 2797 κατελθούσος
981 2733 1161 2811 παραδόσεις
1186 2732 1286 2811 γραφῇ
1317 2731 1553 2810 παραδεδώκασι.
1600 2731 1721 2795 Vocem

622 2855 684 2894 non
701 2834 797 2896 vertit
807 2832 969 2905 valesium
995 2834 1050 2894 sed
1071 2832 1124 2894 ubi
1144 2831 1300 2894 Eusebius
1319 2831 1472 2894 librorum
1488 2831 1520 2894 S.
1535 2831 1722 2916 Scripturoe,

621 2957 701 3020 quos
721 2943 821 2998 testes
844 2935 1001 2998 citaverat
1023 2934 1151 3017 Papius,
1168 2933 1359 2997 mentionem
1380 2933 1469 3009 fucit,
1483 2934 1526 2996 ibi
1547 2956 1606 3018 pro
1631 2937 1722 3017 ἀναγ-

621 3038 711 3101 καίως
730 3058 788 3099 non
807 3037 872 3098 sinc
892 3058 985 3097 causa
1001 3035 1116 3098 Latine
1135 3035 1251 3119 posuit.
1298 3036 1402 3115 Quum
1417 3058 1491 3099 vero
1506 3058 1723 3120 saepenumero

621 3159 713 3200 voces
728 3139 896 3217 ἀναγκαίως
911 3144 944 3199 et
959 3135 1125 3217 ἀναγκαῖον
1141 3136 1180 3199 de
1192 3137 1252 3199 hoc
1264 3160 1321 3199 suo
1332 3137 1416 3200 circu
1428 3159 1580 3200 cunonem
1596 3160 1722 3201 sacrum

620 3240 728 3305 studio
751 3248 865 3303 auctor
884 3238 1077 3314 adhibuerit,
1092 3247 1179 3303 recte
1194 3239 1290 3303 vertit
1312 3240 1373 3301 hoc
1397 3239 1467 3302 loco
1489 3239 1654 3302 Musculus
1673 3263 1723 3304 ιιι·

619 3343 755 3417 cessario,
772 3342 876 3404 minus
890 3350 998 3404 cutem
1013 3349 1164 3405 accurate
1181 3341 1491 3425 Christophorsonus
1506 3343 1664 3405 commode.

668 3447 702 3506 P.
719 3467 727 3506 ι
735 3465 766 3527 3.
782 3445 802 3507 l.
818 3465 864 3506 ιο.
886 3446 944 3506 Καὶ
959 3443 1037 3505 τοῦθ’
1054 3447 1069 3505 ὁ
1085 3446 1289 3524 πρεσβύτερος
1305 3445 1408 3530 ἔλεγε]
1427 3444 1529 3506 Addit
1543 3452 1618 3527 post
1634 3445 1723 3526 ἔλεγε

622 3546 812 3629 Nicepbomrs
833 3543 984 3623 Ἰωάννης.
1018 3545 1150 3607 Srnorn.
1205 3545 1284 3624 Quis
1310 3545 1360 3608 illo
1386 3545 1482 3607 fuerit
1510 3545 1633 3622 Senior,
1659 3568 1723 3610 non

620 3647 745 3709 addidit
770 3646 935 3717 Eusebius,
961 3647 1016 3708 sed
1042 3653 1151 3708 tamen
1177 3667 1217 3709 ex
1246 3646 1284 3708 iis
1311 3667 1381 3729 quse
1411 3647 1527 3709 ibidem
1557 3649 1722 3731 praemisit,

620 3748 746 3811 videtur
770 3770 863 3832 posse
893 3747 1007 3833 colligi,
1039 3747 1071 3810 S.
1099 3747 1232 3830 Pupiam
1263 3769 1320 3830 per
1350 3747 1513 3811 Seniorem
1544 3749 1723 3834 intelligere

620 3848 779 3912 Jounnom
810 3850 1039 3933 presbyterum.
1086 3850 1281 3909 Hnmolxrus
1304 3849 1365 3911 Vn.
1390 3851 1426 3913 S.
1448 3850 1573 3934 Ρορίαν,
1598 3873 1629 3933 p.
1647 3853 1724 3915 661.

629 3950 703 4012 Vnt.
727 3952 802 4012 ΡΡ.
830 3950 976 4013 On'entcl.
1002 3949 1055 4032 qui
1079 3950 1135 4021 nit,
1164 3950 1247 4012 hunc
1273 3952 1434 4012 «Ioannem
1460 3973 1556 4013 unum
1583 3951 1681 4015 fuisse
1707 3975 1725 4015 e

623 4051 735 4113 LXX.
756 4051 926 4135 discipulis
973 4051 1089 4113 Nescio
1111 4061 1231 4125 autem,
1254 4053 1338 4114 unde
1360 4052 1420 4114 hoc
1446 4053 1548 4135 ipsum
1576 4052 1725 4118 didicerit

622 4154 670 4215 vir
684 4154 808 4227 doctus,
823 4153 883 4215 nisi
898 4176 936 4214 ex
952 4153 1135 4234 conjectura
1151 4175 1216 4227 sun,
1234 4176 1303 4237 quae
1320 4154 1446 4236 quidem
1462 4155 1635 4237 probabilis
1651 4166 1722 4229 est;

620 4263 706 4318 certe
724 4254 895 4316 Eusebium
918 4254 1040 4337 opinari
1063 4277 1120 4338 per
1136 4256 1287 4317 δειδίσσεαι
1309 4255 1396 4317 illum
1411 4255 1434 4317 J
1437 4278 1572 4318 oannem
1592 4260 1725 4342 presby·

621 4370 725 4420 terum
739 4356 870 4440 intelligi
883 4357 1007 4431 debere,
1023 4356 1155 4438 liquido,
1171 4356 1294 4440 opinor,
1311 4365 1449 4421 constat.
1488 4358 1538 4420 De
1554 4361 1724 4443 sepulchro

622 4460 690 4543 ejus
706 4459 936 4542 supradictum
952 4468 999 4521 est
1017 4480 1048 4541 p.
1061 4477 1110 4537 24.
1158 4458 1224 4522 Nec
1239 4459 1375 4542 emplius
1386 4461 1498 4535 habeo,
1515 4469 1634 4544 praeter
1648 4464 1723 4526 Ocn-
