4359 5150
608 442 676 503 232
986 443 1340 507 ANNOTATIONES

612 605 763 690 Scaligeri
786 626 951 669 censuram
973 607 1101 692 scripsit
1124 609 1296 692 Dionysius
1321 610 1473 674 Petavius
1497 609 1530 673 in
1556 610 1651 674 Notis
1671 610 1711 673 ad

613 707 770 770 Haercsim
797 712 847 786 78.
875 708 1055 792 Epiphanii,
1087 718 1121 774 et
1146 713 1181 774 P.
1207 711 1389 775 Halloixius
1420 713 1453 774 in
1484 713 1711 777 Notationibus

610 809 768 872 advitam
792 809 965 893 Hegesippi
989 833 1057 893 cap.
1073 811 1115 873 iii.
1142 813 1300 875 l'saasrcs.
1347 812 1383 875 ld
1402 814 1544 898 palmare
1560 814 1711 899 Scaligeri

609 919 843 997 argumentum.
887 913 933 976 At
953 913 984 974 in
1011 913 1184 997 Hegesippi
1209 922 1311 978 textu.
1340 923 1377 979 ut
1398 917 1466 1000 ipse
1488 918 1620 992 fatetur,
1636 918 1710 981 nihil

610 1018 696 1081 aliud
721 1024 770 1080 est
793 1039 888 1100 quam
911 1017 943 1077 iu
961 1020 1085 1092 Sancta,
1110 1016 1192 1094 ἅγια,
1216 1018 1357 1100 quotidie
1379 1019 1539 1082 Jacobum
1553 1020 1652 1084 fuisse
1667 1021 1711 1083 in-

609 1139 762 1202 gressum,
787 1119 872 1201 quod
894 1117 1020 1201 quidem
1042 1118 1082 1180 de
1106 1118 1225 1181 Sancto
1248 1120 1449 1193 Sanctorum,
1468 1121 1499 1183 in
1518 1122 1605 1205 quod
1628 1121 1711 1185 solus

612 1220 762 1283 Pontifex
782 1219 879 1282 semel
899 1226 1026 1281 tantum
1044 1219 1075 1279 in
1097 1241 1181 1281 anno
1200 1228 1329 1303 poterat
1344 1222 1475 1306 ingredi,
1493 1222 1627 1307 intelligi
1650 1245 1710 1285 non

611 1322 718 1396 debet,
735 1323 789 1384 sed
805 1322 845 1383 de
860 1320 1042 1384 sanctuario
1057 1320 1170 1397 solum,
1185 1322 1239 1384 ubi
1260 1323 1401 1405 quotidie
1417 1324 1608 1389 Sacerdotes
1622 1325 1711 1388 lineis

611 1423 713 1486 induti
730 1422 962 1496 ministrabant,
980 1443 1071 1504 quem
1088 1422 1191 1484 locum
1206 1422 1230 1484 J
1231 1423 1341 1506 oseph.
1357 1423 1411 1487 lib.
1422 1425 1465 1487 iii.
1481 1426 1584 1509 antiq.
1597 1448 1665 1509 cap.
1680 1447 1709 1509 5.

611 1525 751 1608 appellat
767 1524 862 1605 ἅγιον.
902 1523 1040 1586 Sindone
1056 1533 1164 1585 autem
1180 1524 1325 1588 indutum
1340 1525 1363 1587 J
1365 1527 1499 1589 acobum
1514 1527 1623 1599 luisse,
1637 1528 1709 1612 quid

610 1625 725 1687 mirum
748 1628 819 1688 est?
849 1647 920 1687 cum
944 1624 1027 1686 idem
1052 1625 1093 1687 de
1114 1625 1326 1701 adolescente,
1348 1626 1401 1709 qui
1423 1634 1519 1711 capto
1540 1649 1562 1690 a
1587 1628 1611 1690 J
1614 1629 1710 1692 udaeis

612 1726 741 1790 (lhristc
757 1726 904 1800 Domino,
921 1726 1024 1787 nudus
1039 1725 1173 1808 aufugit,
1188 1725 1221 1786 in
1237 1725 1411 1810 Evangelio
1425 1736 1599 1791 asseratur.
1646 1728 1709 1792 Uni

611 1835 720 1893 autem
735 1826 793 1910 ipsi
809 1827 924 1889 licebat
939 1826 971 1887 in
987 1848 1058 1888 eum
1075 1826 1177 1888 locum
1193 1826 1325 1909 ingredi,
1341 1828 1373 1889 id
1389 1835 1438 1891 est
1454 1829 1495 1891 ob
1510 1829 1580 1912 ejus
1594 1831 1709 1894 sancti-

613 1937 724 2004 tatem,
741 1937 859 2012 praeter
873 1928 1064 2003 sacerdotes,
1075 1927 1190 2011 quibus
1205 1927 1237 1989 id
1248 1928 1330 2012 juris
1345 1951 1385 1991 ex
1402 1929 1505 1993 officio
1520 1930 1637 1995 iuerat.
1660 1932 1709 1996 Sic

611 2033 644 2095 id
670 2032 711 2094 ab
727 2030 867 2113 antiquis
893 2029 1088 2092 intellectum
1107 2028 1203 2091 fuisse
1221 2038 1313 2113 patet
1338 2051 1377 2091 cx
1398 2032 1466 2093 cod.
1485 2032 1636 2096 Ecclesiae
1652 2033 1709 2096 Re

610 2134 737 2208 mensis,
756 2134 857 2216 (Har.
874 2132 957 2194 Eccl.
976 2131 1098 2211 Rufini)
1119 2130 1171 2192 ubi
1197 2130 1337 2202 additur,
1364 2132 1483 2206 maadi,
1509 2154 1569 2195 aon
1591 2136 1707 2217 sacrifi·

611 2236 704 2299 candi
729 2256 831 2297 caasa.
878 2232 1078 2316 Epiphanius
1104 2239 1137 2295 ct
1160 2231 1294 2294 Rufinus
1315 2231 1463 2295 videntur
1481 2234 1576 2316 primi
1599 2234 1709 2319 legisse

610 2346 907 2400 sanctasanctorum.
954 2335 1074 2396 Tenon.
1091 2335 1285 2407 Reimarus,
1301 2333 1334 2394 ia
1350 2332 1441 2396 Notis
1463 2334 1495 2396 in
1516 2333 1578 2398 hoc
1594 2345 1708 2421 marty·

611 2440 693 2502 rium
721 2439 753 2501 S.
769 2436 896 2511 Jacobi,
920 2437 1006 2519 apud
1024 2440 1108 2498 Acta
1135 2436 1307 2497 Prdraorara
1328 2436 1510 2517 Martyrum
1532 2438 1664 2502 Sincera
1685 2448 1710 2502 et

611 2541 736 2617 Selecta,
753 2564 781 2624 p.
794 2563 824 2618 4.
839 2540 887 2602 ed.
902 2538 1008 2602 Amst.
1055 2537 1300 2602 Distinetioncm
1323 2545 1431 2601 autem
1453 2538 1537 2602 inter
1559 2541 1709 2604 vocabula

610 2653 745 2706 auridum
760 2651 793 2704 et
808 2651 942 2703 sendum
957 2650 1127 2704 sarrdoram
1142 2641 1246 2702 nrinus
1266 2661 1392 2702 curasse
1407 2648 1531 2712 veteres
1546 2642 1709 2717 videntur;

612 2746 727 2828 quippe
744 2766 813 2805 cuni
831 2744 1044 2804 Tertullianus
1065 2764 1161 2803 unum
1182 2764 1240 2824 pro
1255 2742 1357 2803 altero
1373 2743 1536 2824 posuerit3
1560 2745 1707 2806 Memine-

611 2856 683 2908 rant
694 2856 776 2916 certe,
789 2845 902 2927 inquit,
916 2845 976 2905 aiei
984 2846 1192 2906 circumcisura
1202 2844 1310 2905 scirent
1319 2844 1517 2924 (Christum),
1531 2866 1590 2906 acu
1602 2845 1709 2907 edrai!-

611 2949 731 3011 teadma
755 2949 789 3008 ia
810 2957 914 3008 sarecto
936 2957 1115 3008 scriniarios.
1132 2945 1200 3006 Lib.
1217 2945 1254 3005 iv.
1281 2948 1395 3007 Contra
1410 2947 1563 3008 Marcion.
1581 2971 1652 3031 cap.
1671 2966 1707 3021 7;

611 3053 686 3114 dum
703 3058 815 3112 contra
832 3048 1006 3130 Apostolus
1028 3049 1069 3109 ad
1087 3047 1243 3108 Hebraeos
1257 3057 1362 3108 salicta
1378 3047 1500 3130 scripsit
1518 3071 1576 3131 pro
1603 3050 1711 3112 sanctis

610 3162 779 3215 sanctorem
795 3172 865 3211 cum
882 3150 955 3211 alibi
972 3159 1040 3211 tum
1056 3149 1211 3222 hocloco,
1227 3150 1326 3227 ὥσπερ
1343 3151 1358 3208 ὁ
1375 3150 1527 3229 ἀρχιερεὺς
1544 3151 1711 3233 εἰσέρχεται

613 3256 654 3318 εἷς
670 3257 705 3313 τὰ
719 3253 789 3329 ἅγια
806 3250 866 3311 κατ’
885 3252 1021 3312 ἐνιαυτὸν
1037 3254 1069 3312 ἐν
1086 3254 1186 3328 αἵματι
1202 3250 1359 3331 ἀλλοτρίῳ.
1377 3248 1419 3309 in.
1440 3268 1489 3332 ²5·

655 3356 692 3414 P.
713 3352 884 3413 208.l.16.
910 3353 976 3413 οὐδὲ
1000 3355 1057 3432 γὰρ
1081 3354 1184 3430 ἐρεοῦν
1208 3350 1322 3433 ἐφόρει]
1348 3350 1490 3411 Additur
1513 3352 1625 3429 ἔνδυμα
1641 3362 1711 3436 post

611 3457 714 3534 ἐφόρει
730 3456 761 3515 in
776 3455 955 3528 Bodlciurm,
972 3455 1055 3537 quod
1071 3463 1147 3516 ante
1162 3454 1344 3526 memoravi,
1356 3454 1517 3536 Ηοροοὶρρὶ
1534 3456 1686 3539 Elrcrrpto
1699 3483 1711 3528 ,-

612 3558 797 3638 Itafirrusqac
818 3562 909 3616 vetus
931 3555 1087 3637 interpres
1115 3555 1223 3629 habet,
1248 3576 1339 3637 neque
1365 3555 1443 3614 caira
1468 3555 1552 3617 laneo
1573 3557 1711 3619 aicbat-ar

611 3658 797 3719 indumento
812 3657 866 3718 scd
879 3667 996 3717 inritam.
1011 3657 1155 3726 siriciana,¹
1181 3656 1299 3718 scilicet
1316 3656 1458 3718 imitatus
1474 3659 1668 3722 sacerdotes.

656 3761 736 3822 lbid.
753 3760 772 3820 l.
795 3779 841 3840 17.
875 3762 921 3819 καὶ
936 3761 1025 3834 adcor
1041 3757 1197 3838 εἰσήρχετο
1215 3761 1255 3821 εἰς
1271 3758 1323 3818 τὸν
1340 3759 1438 3843 radia]
1465 3787 1487 3819 κ,
1506 3786 1535 3835 μ,
1555 3760 1710 3842 εἰσήρχετο

612 3867 644 3925 ἐν
659 3868 698 3945 τῷ
715 3867 775 3944 ναῷ
788 3864 860 3923 int
876 3861 962 3921 aaa
979 3882 1032 3920 sen
1052 3859 1150 3921 Sacil.
1196 3859 1287 3937 Quod
1303 3859 1343 3920 ab
1358 3858 1388 3918 H
1394 3859 1542 3942 egesippo
1559 3860 1709 3925 Hebraea

612 3963 795 4025 Christiano
819 3964 995 4045 proiectum
1019 3984 1097 4032 esse,
1121 3982 1194 4021 vero
1213 3961 1298 4021 haud
1321 3960 1463 4022 absimile
1485 3973 1544 4024 cst.
1593 3967 1644 4028 Eis
1660 3964 1710 4025 τὸν

611 4067 694 4139 ναὸν,
712 4066 794 4148 quod
812 4065 943 4126 includit
958 4067 994 4124 τὰ
1011 4064 1081 4142 ἅγια
1093 4071 1237 4134 salictam,
1251 4062 1351 4123 solum
1363 4061 1483 4124 intrare
1498 4063 1628 4126 solitum
1645 4087 1710 4127 esse

609 4168 768 4231 Jacobum
798 4166 898 4228 tradit
926 4165 976 4227 liic
1007 4173 1039 4226 et
1064 4186 1160 4246 supra
1189 4163 1398 4246 Hegesippus
1430 4164 1491 4226 hoc
1518 4174 1578 4240 est,
1611 4167 1709 4228 solum

609 4278 725 4353 prater
741 4269 934 4341 sacerdotes,
950 4276 986 4328 nt
1003 4266 1177 4328 Ruinartus
1194 4267 1320 4349 quidem
1336 4288 1431 4349 supra
1446 4269 1603 4350 exposuit.
1634 4269 1708 4331 llal-

609 4371 722 4432 loixius
745 4392 818 4430 vero
840 4371 933 4447 μόνον
956 4368 1161 4429 incomitatam
1185 4369 1335 4429 adversus
1359 4367 1555 4453 Scaligcrum
1577 4379 1708 4453 utroque

610 4472 688 4546 loca,
706 4481 738 4534 ct
753 4480 838 4532 recte
855 4470 914 4530 hoc
934 4470 1069 4530 t'ortassc
1091 4470 1160 4530 loco
1183 4470 1413 4552 interpretatus
1436 4479 1505 4542 est;
1531 4494 1594 4556 quo
1618 4495 1705 4537 sensu
