4359 5150
608 451 673 516 326
977 450 1335 515 ANNOTATIONES

609 628 770 683 “omnem
785 617 908 682 dicendi
924 617 987 681 vim
1002 627 1142 703 superat.
1190 618 1299 704 Atque
1320 618 1354 682 id
1373 618 1561 683 fatebuntur
1580 614 1709 701 quicun-

611 730 631 759 “
647 743 708 807 que
723 742 794 784 eam
809 719 924 805 saepius
938 720 1081 805 legerint.
1128 720 1198 801 Quo
1212 720 1283 807 plus
1298 722 1381 785 enim
1396 720 1524 807 legitur,
1534 741 1574 783 so
1585 737 1710 801 semper

611 833 633 863 “
651 823 859 890 videturesse
874 822 1108 907 praestantior?
1154 824 1236 887 Haec
1255 822 1409 888 Valesius.
1454 824 1641 886 Memorata
1659 826 1710 882 est

611 924 745 1010 epistola
774 924 807 987 in
829 924 978 987 Passieno
1004 926 1064 987 SS.
1089 924 1243 1009 Epsnotii
1270 934 1297 988 et
1322 923 1493 989 Aleeandri
1521 922 1571 986 his
1596 920 1706 985 verbis.

610 1029 687 1092 Post
711 1028 912 1091 vastissimam
937 1038 1107 1111 martyrum
1128 1038 1256 1113 stragem
1277 1038 1305 1092 et
1328 1028 1515 1092 saaimninm
1531 1024 1709 1111 passionem

611 1128 825 1201 madetitatern,
838 1127 874 1190 de
887 1150 949 1213 qua
959 1129 1049 1191 etiam
1061 1129 1179 1193 Christi
1185 1129 1317 1213 famati,
1327 1150 1398 1215 qnos
1411 1138 1482 1192 tnnc
1494 1124 1708 1191 illustr-issima

611 1230 696 1295 arbes
718 1231 836 1294 Vienna
850 1238 878 1292 et
894 1230 1079 1314 Laodnnnm
1093 1230 1240 1307 tenebant,
1254 1231 1300 1295 ad
1311 1229 1448 1295 mansino
1461 1229 1550 1293 Assa
1563 1238 1594 1291 et
1608 1226 1708 1308 Pliry-

608 1334 670 1419 oia
690 1333 807 1417 scripta
828 1332 982 1408 miserant,
998 1354 1065 1395 eam
1079 1355 1171 1418 pane
1192 1334 1237 1398 ad
1255 1334 1405 1418 integram
1426 1331 1541 1395 ebriet
1562 1349 1668 1393 nomon
1688 1348 1708 1389 a

608 1434 769 1521 gentilitas
797 1434 963 1497 crederetur
991 1436 1177 1508 eminatam·
1204 1457 1266 1521 per
1287 1434 1492 1520 proditionem
1521 1431 1708 1495 domedieam

611 1537 786 1624 Epeirodim
814 1547 841 1601 et
869 1536 1047 1601 Aleeander
1075 1537 1183 1601 oaentte
1208 1559 1327 1623 operam
1354 1536 1429 1600 dare
1458 1533 1614 1600 Cattolioo
1633 1530 1708 1615 fidei

612 1640 708 1705 cattam
730 1638 870 1702 Praesidi
891 1640 1082 1703 nuntiantur.
1128 1643 1210 1704 Aeta
1235 1641 1333 1702 Mart.
1359 1660 1380 1702 a
1405 1637 1526 1702 Theod.
1553 1634 1707 1699 Ruinarto

510 1773 513 1776 ·
613 1741 690 1806 edit.
713 1746 737 1821 5.
761 1740 792 1803 ii.
815 1763 847 1825 p.
872 1760 922 1822 74
943 1742 993 1804 ed.
1015 1743 1122 1807 Amst.
1167 1742 1217 1807 Ut
1240 1741 1368 1806 Eusebii
1393 1740 1549 1804 editiones
1574 1746 1707 1812 taceam,

613 1842 733 1908 editum
754 1851 803 1907 est
823 1844 908 1927 quod
928 1852 1029 1908 restat
1049 1844 1201 1929 epistolae,
1217 1844 1273 1908 ssd
1294 1865 1335 1907 ex
1350 1841 1456 1906 Rufini
1473 1840 1593 1905 Latina
1616 1839 1707 1903 inter

614 1944 794 2030 pretatione
822 1951 958 2019 tantum,
988 1968 1010 2010 a
1038 1946 1132 2011 Godf.
1162 1945 1366 2010 Henschenio
1393 1944 1428 2008 in
1456 1943 1545 2008 Actis
1574 1944 1707 2006 amem

614 2054 693 2111 tom.
712 2047 741 2108 Ι.
757 2045 847 2110 Junii
869 2068 967 2110 mens.
983 2069 1012 2131 p.
1036 2050 1105 2111 ¹62.
1121 2068 1207 2132 seqq.
1227 2056 1260 2112 et
1281 2047 1323 2110 ab
1345 2046 1456 2110 eodem
1477 2044 1637 2108 Ruinarto
1658 2039 1708 2106 ubi

614 2170 711 2233 supra
732 2171 763 2233 p.
781 2166 832 2228 74.
847 2156 881 2211 et
903 2170 992 2233 seqq.
1008 2170 1102 2233 quem
1125 2170 1184 2234 ego
1206 2148 1360 2222 imitatus,
1379 2148 1518 2233 epistolis
1541 2145 1628 2230 quod
1649 2165 1707 2208 ser-

614 2258 723 2314 vatum
738 2250 835 2315 estin
850 2250 1005 2315 sectiones
1021 2250 1154 2315 divisum
1170 2251 1310 2329 exhibui,
1328 2273 1390 2336 quo
1409 2249 1520 2314 melius
1540 2246 1708 2333 legentium

615 2353 788 2416 commodis
813 2353 1039 2418 consuleretur.
1085 2353 1176 2418 Idem
1198 2353 1258 2418 hoc
1279 2353 1389 2418 fecisse
1415 2374 1498 2415 nunc
1521 2350 1614 2415 video
1639 2348 1708 2414 Gal

561 2543 563 2546 ι
614 2459 767 2535 laudium,
779 2458 833 2543 qui
848 2459 880 2522 in
891 2459 951 2522 vol.
962 2458 1065 2544 primo
1073 2459 1267 2524 Bibliotheca
1276 2482 1339 2524 suae
1349 2461 1425 2522 PP.
1438 2457 1520 2521 hanc
1535 2454 1708 2541 epistolam,

616 2560 698 2626 sieut
714 2561 895 2646 Martyrum
917 2561 1176 2647 Lugdunensium
1197 2561 1426 2647 Fragmentum
1448 2560 1537 2637 illud,
1556 2582 1622 2624 una
1642 2577 1709 2623 oum

616 2663 737 2727 Valesii
764 2664 848 2728 notis
874 2664 1049 2739 collocavit,
1071 2664 1190 2727 additis
1214 2664 1283 2727 aliis
1309 2664 1495 2747 quibusdam
1518 2661 1708 2726 observatio·

617 2766 710 2827 nibus
733 2789 772 2827 ex
793 2767 950 2829 Ruinarto
974 2765 1202 2849 Readingiique
1225 2767 1273 2828 ed.
1298 2766 1478 2828 Eusebiana
1503 2764 1626 2848 petitis.
1673 2764 1709 2825 ln

617 2869 744 2929 Memor.
760 2875 867 2931 autem
884 2869 1055 2931 Ecclesiast.
1072 2877 1149 2930 tom.
1171 2868 1212 2930 iii.
1236 2869 1275 2930 de
1297 2868 1346 2930 his
1368 2869 1433 2951 egit
1455 2867 1643 2951 fragmentis
1663 2887 1710 2928 ae-

617 2970 817 3032 eommodate
831 2970 872 3032 ad
889 2970 1030 3031 ordinem
1045 2969 1196 3053 temporis
1212 2969 1439 3032 Tillemontius.

661 3071 753 3150 Quod
775 3072 815 3134 ad
842 3093 959 3134 annum
985 3071 1112 3147 attinet,
1137 3093 1199 3154 quo
1225 3073 1293 3134 haec
1321 3071 1484 3134 Gallicana
1508 3071 1637 3134 vexatio
1663 3093 1711 3133 ex·

618 3173 743 3249 arserit,
761 3173 929 3256 contigisse
944 3196 1012 3236 earn
1028 3196 1114 3236 anno
1134 3173 1256 3257 imperii
1273 3173 1426 3237 Antonini
1443 3173 1517 3235 Veri
1537 3191 1585 3254 17.
1603 3174 1710 3246 tradit,

617 3283 654 3337 ut
671 3275 799 3351 videbis,
817 3273 973 3337 Eusebius
993 3275 1025 3337 in
1046 3276 1140 3358 hujus
1160 3276 1211 3338 lib.
1230 3276 1331 3359 quinti
1351 3276 1513 3360 principio,
1530 3275 1584 3338 ubi
1606 3299 1712 3340 consu·

617 3376 728 3439 landus
751 3385 799 3439 est
823 3377 977 3439 Valesius.
1023 3378 1148 3440 Auctor
1170 3400 1294 3461 quoque
1315 3379 1482 3454 Passionis,
1503 3401 1599 3462 quam
1621 3380 1712 3442 modo

619 3478 798 3553 memoravi,
815 3479 874 3541 SS.
892 3479 1043 3562 Eprmodii
1057 3490 1083 3542 et
1098 3479 1283 3556 Menandri,
1300 3481 1348 3544 vel
1370 3482 1503 3544 eundem
1522 3504 1654 3558 annum,
1669 3481 1713 3544 uel

618 3581 649 3642 in
665 3580 824 3642 codicibus
840 3581 996 3643 nonnullis
1013 3582 1320 3658 decimumoctavum,
1336 3583 1441 3646 habet.
1487 3583 1542 3645 Ad
1557 3584 1626 3646 haec
1644 3607 1712 3648 con·

618 3686 670 3742 tra
690 3679 768 3755 illos,
786 3680 838 3762 qui
859 3681 900 3743 ad
920 3702 1038 3743 annum
1055 3700 1084 3762 7.
1103 3684 1242 3765 ejusdem
1263 3684 1384 3768 imperii
1404 3686 1518 3747 horum
1537 3694 1711 3770 martyrum

619 3781 804 3864 triumphos,
823 3781 885 3844 fide
902 3782 966 3844 nixi
982 3783 1130 3847 Ohronici
1147 3786 1286 3861 Eusebii,
1304 3787 1387 3869 quod
1404 3788 1556 3851 Historiae
1573 3789 1641 3871 ejus
1656 3791 1712 3852 hae

619 3880 650 3942 in
678 3892 769 3964 parte
795 3884 991 3955 adversatur,
1014 3884 1139 3967 signare
1164 3886 1271 3962 velint,
1298 3887 1398 3950 multa
1424 3911 1505 3951 nova
1527 3901 1713 3973 argumenta

618 3982 729 4046 attulit
746 3984 956 4059 Moshemius,
975 3985 1093 4048 Obsero.
1110 3987 1195 4049 Soer.
1212 3998 1239 4050 et
1255 3990 1376 4052 Hister.
1393 3989 1444 4051 lib.
1465 3991 1492 4052 I.
1509 4012 1577 4075 cap.
1594 4013 1625 4076 3.
1644 3995 1671 4074 ξ.
1684 4015 1710 4054 x.

619 4091 652 4145 ct
675 4106 760 4167 seqq.
777 4085 976 4148 vexationem
999 4087 1101 4150 istane
1124 4111 1206 4151 anno
1228 4090 1346 4154 Christi
1371 4110 1438 4173 177.
1455 4093 1645 4171 attribuens,
1663 4094 1712 4178 qui

619 4208 720 4249 annus
743 4196 792 4250 est
815 4205 862 4267 17.
882 4191 1038 4251 Antonini
1056 4192 1137 4273 Imp.
1186 4194 1339 4256 Ceterum
1358 4196 1426 4257 haec
1446 4197 1544 4260 verba
1559 4197 1712 4261 Eusebius

618 4288 804 4372 fragmentis
826 4292 979 4373 praemisit
1001 4293 1091 4356 initio
1114 4296 1168 4357 lib.
1186 4319 1212 4358 v.
1229 4296 1267 4360 ‘0
1282 4301 1338 4376 μὲν
1359 4300 1412 4361 οὖν
1432 4304 1482 4377 τῆς
1495 4299 1648 4380 Ῥωμαίων
1671 4305 1712 4365 ἐκ·

620 4393 743 4467 sanatas
760 4393 919 4458 ἐπίσκοπος
935 4395 1035 4474 Σωτὴρ
1052 4398 1100 4458 ἐπὶ
1116 4400 1223 4476 ὄγδοον
1240 4400 1304 4464 ἔτος
1318 4400 1515 4480 ἡγησάμενος,
1527 4409 1651 4486 τελευτᾷ
1663 4404 1712 4465 τὸν

619 4492 699 4564 βίου’
724 4496 826 4554 τοῦτον
842 4495 1002 4561 δωδέκατος
1017 4498 1075 4559 ἀπὸ
1088 4505 1147 4560 τῶν
1159 4501 1522 4583 ἀποστόλωνἘλεύθερος
1538 4506 1710 4588 διαδέχεται·
