4359 5150
539 440 604 509 196
911 444 1271 511 ANNOTATIONES
1385 507 1390 514 .

538 613 621 675 His.
637 613 757 697 Εοοπρ.
772 613 842 677 loeo
861 615 957 677 modo
980 614 1112 678 laudato
1135 637 1208 699 pag.
1226 636 1297 696 194.
1314 624 1352 679 ut
1374 623 1565 680 statuantur
1586 638 1641 701 pro

539 714 634 777 solita
657 720 823 778 καθολικῶν
849 718 1019 779 ἐπιστολῶν
1044 716 1276 800 significatione
1299 716 1342 780 ad
1365 717 1475 801 plures
1497 718 1642 782 eeclesias

538 815 643 877 missae
658 837 726 877 asse
741 815 874 900 singulae
887 816 937 878 hae
953 816 1099 901 Dionysii
1114 818 1268 901 epistola.
1309 817 1419 881 Minus
1432 826 1545 882 autem
1559 833 1643 884 reete

540 916 743 979 Tillemontio
754 917 854 980 visum
866 925 925 993 est,
940 917 999 980 has
1010 918 1165 1003 epistolas
1175 920 1218 983 ab
1230 920 1369 983 Eusebio
1384 920 1564 985 eatholieas
1575 920 1645 996 diei,

540 1018 615 1100 quia
636 1018 678 1081 ad
702 1018 850 1082 eeclesias
872 1026 971 1092 totas,
995 1041 1057 1081 non
1085 1042 1184 1082 unum
1206 1020 1344 1104 aliquem
1372 1022 1489 1097 virum,
1518 1022 1645 1107 scripta

539 1126 656 1181 essent.
682 1118 752 1183 Vid.
769 1142 841 1184 eum
856 1128 934 1184 tom.
950 1120 981 1183 ii.
999 1122 1091 1183 Man.
1108 1121 1222 1190 Eeehe.
1239 1122 1274 1184 ia
1287 1122 1445 1205 Dionysio.
1477 1123 1559 1187 (lum
1574 1145 1647 1186 vero

539 1219 622 1281 infra
647 1221 773 1283 dieatur
798 1228 927 1284 sanctus
953 1222 1120 1305 episeopus
1142 1222 1311 1306 epistolam
1337 1223 1502 1307 soripsisse
1527 1225 1572 1288 ad
1596 1246 1645 1288 ee·

539 1321 667 1386 alesiam
683 1321 942 1406 Gortyniensium
956 1330 990 1386 at
1004 1323 1145 1407 reliquas
1155 1324 1249 1388 amul
1262 1324 1367 1389 Gretae
1381 1325 1546 1399 eeclesias,
1556 1334 1591 1389 et
1604 1326 1645 1389 ad

540 1424 780 1490 Amastrienses
794 1431 827 1487 et
843 1433 976 1488 caeteras
994 1425 1090 1487 3ιίουί
1111 1425 1260 1490 eeclesias
1275 1426 1386 1503 Ponti,
1400 1428 1560 1510 ejusmodi
1583 1429 1645 1491 for·

541 1535 627 1589 tasse
641 1526 784 1610 epistolae
799 1526 909 1588 itidem
924 1526 1061 1594 fuerunt.
1075 1548 1155 1610 quaa
1169 1527 1211 1590 ad
1225 1527 1485 1591 Laeedaemonios
1499 1537 1647 1593 oaetsros·

541 1650 602 1713 que
613 1628 745 1691 miserit.
783 1628 893 1705 Qualis
904 1636 937 1691 et
949 1627 1085 1712 epistola
1097 1629 1233 1694 Paulina
1242 1630 1400 1713 posterior
1410 1631 1453 1693 nd
1463 1629 1647 1695 Corinthios

541 1729 686 1792 extitisse
711 1728 849 1803 videtur,
873 1735 908 1794 et
937 1729 992 1792 illa
1021 1751 1148 1813 quoque
1175 1731 1218 1793 ad
1248 1730 1466 1808 Colossenses,
1491 1731 1579 1815 quod
1606 1752 1647 1797 ex

542 1851 656 1894 oomm.
678 1832 724 1893 16.
740 1851 809 1914 cap.
825 1830 883 1894 ult.
899 1830 1090 1895 ostenditur.

587 1931 625 1992 P.
640 1930 710 1992 181.
726 1929 746 1992 l.
761 1934 811 1995 26.
827 1933 999 2010 ὀρθοδοξίος
1013 1933 1205 2018 κατηχητικλ]
1222 1933 1259 1997 ln
1269 1933 1373 1998 tribus
1382 1933 1548 1999 auditibus
1561 1933 1646 1998 Mat.

544 2031 689 2095 Madet
713 2030 796 2094 Fuk.
814 2031 968 2114 seriptum
991 2039 1042 2096 est
1066 2039 1268 2116 κοτηχήτικής.
1314 2033 1379 2099 Sed
1400 2033 1567 2118 vulgatam
1589 2032 1649 2098 leo·

543 2134 661 2195 tionem
675 2132 777 2216 magis
791 2134 901 2216 probo,
917 2154 1012 2215 quam
1030 2133 1200 2199 confirmat
1219 2135 1317 2199 etiam
1338 2135 1550 2219 Nioephoms.
1595 2134 1648 2200 Sia

542 2235 626 2299 enim
647 2235 699 2296 ille
718 2235 801 2297 huno
826 2234 956 2297 Eusebii
982 2234 1085 2299 loeum
1110 2237 1286 2320 expressitt
1313 2240 1356 2301 ὃν
1377 2240 1432 2314 μία
1456 2236 1533 2315 πρὸς
1554 2242 1647 2299 dors·

544 2338 710 2413 δαιμονίους
740 2335 817 2410 ἐστὶ,
849 2336 1012 2416 κατήχησιν
1038 2335 1223 2417 περιέχουσα
1248 2337 1429 2417 ὀρθοδοξίος.
1489 2336 1648 2399 viamus

546 2436 649 2499 Extat
659 2435 752 2498 leotio
764 2444 892 2518 recepta
903 2436 935 2497 in
944 2435 1015 2498 eod.
1028 2456 1153 2519 quoque
1164 2436 1322 2520 Norfohm
1337 2458 1421 2500 nuno
1430 2436 1556 2502 addidit
1570 2436 1648 2500 Bur·

545 2549 640 2606 tonus
655 2537 738 2601 eald.
754 2538 827 2622 aa.
844 2537 952 2600 Paris.
978 2538 1077 2600 Veaat.
1091 2537 1349 2623 Εῖοτυυίέυοορυο.

591 2642 631 2702 Ρ.
655 2640 767 2704 1821.
791 2658 820 2700 ν.
844 2639 879 2716 ής
903 2638 1147 2718 ὀλιγωρήσαντος
1171 2639 1305 2723 ἔλεγχει]
1331 2640 1456 2704 Forsan
1480 2643 1564 2706 τινᾶς
1578 2647 1650 2724 poet

547 2739 790 2820 ὀλιγωρήσαντος
805 2739 926 2802 invenit
942 2740 1085 2814 Rufinus,
1099 2741 1151 2822 qui
1168 2742 1275 2815 vertit,
1289 2741 1383 2803 οιῗυιιιί
1396 2751 1423 2804 et
1438 2742 1544 2824 orauit
1559 2763 1650 2825 quos-

547 2842 620 2903 dam
638 2841 713 2902 aelia
722 2863 799 2923 pene
808 2841 966 2923 prolapsos
981 2863 1001 2902 a
1008 2841 1084 2921 fido.
1131 2841 1211 2903 Mox
1226 2863 1285 2926 pro
1301 2842 1368 2907 τοὺς
1390 2844 1535 2921 διωγμοὺς
1557 2841 1650 2906 seribi

548 2949 599 3006 τοῦ
614 2948 779 3021 πειρασμοῦ
794 2942 826 3003 in
843 2943 907 3003 cod.
923 2941 1064 3024 Norfolo.
1082 2964 1164 3004 nuno
1180 2943 1297 3005 certior
1312 2943 1415 3006 faetus
1430 2966 1512 3006 suin.

593 3044 674 3107 lbid.
690 3043 710 3111 l.
725 3065 755 3119 4.
774 3043 924 3123 Κοδρᾶτου
941 3047 973 3105 δὲ
990 3044 1060 3124 διο]
1080 3043 1184 3106 Extat
1203 3045 1283 3106 bene
1307 3044 1402 3126 longa
1420 3045 1536 3107 Valesii
1561 3051 1647 3115 nota,

548 3146 660 3228 inqua
683 3145 847 3228 opiscopus
873 3144 1080 3206 Atheniensis
1103 3166 1123 3206 a
1145 3144 1311 3220 Quadrato
1337 3144 1515 3227 apologista
1540 3143 1649 3207 distin-

548 3249 674 3330 guitur3
690 3255 722 3309 et
735 3246 875 3321 Publius,
886 3247 938 3329 qui
949 3247 981 3308 in
992 3247 1065 3308 sede
1075 3247 1236 3329 praeoessit
1247 3247 1447 3322 Quadratum
1458 3247 1648 3330 episcopum,

551 3349 704 3431 Dionysio
721 3347 926 3431 Areopagitae
941 3348 1084 3429 proxime
1100 3348 1285 3410 successisse
1300 3357 1445 3430 negatur.
1487 3351 1567 3424 Quae
1583 3347 1649 3431 qui·

550 3452 622 3513 dem
637 3450 742 3512 omnia
757 3449 1022 3531 interpretatione
1036 3449 1130 3532 liujus
1150 3449 1209 3513 looi
1230 3449 1388 3523 nituntur,
1410 3471 1473 3531 qua
1497 3450 1651 3512 statuitur

550 3551 721 3634 Dionysius
737 3551 918 3613 Corinthius
933 3550 972 3612 do
988 3551 1154 3625 Quadrato
1174 3550 1298 3614 loeutus
1320 3572 1397 3624 esse,
1413 3559 1570 3634 tanquam
1591 3549 1649 3613 sibi

550 3653 674 3736 aequali,
690 3661 785 3736 atque
796 3653 829 3713 in
843 3652 946 3714 looum
963 3651 1066 3714 Publii
1083 3673 1192 3714 reeens
1206 3652 1390 3715 substituto
1437 3652 1562 3715 Videsis
1580 3674 1649 3735 quae

552 3754 692 3819 Grabius
707 3760 819 3816 eontra
833 3753 927 3816 affert
938 3753 969 3814 in
984 3761 1061 3816 tom.
1078 3753 1110 3815 ii.
1127 3753 1237 3837 spicil.
1251 3776 1280 3836 p.
1299 3774 1367 3835 119.
1380 3755 1421 3817 ad
1439 3755 1648 3831 Quadratum,-

551 3864 584 3919 ot
601 3855 717 3917 Cavius
737 3854 769 3916 in
785 3856 871 3916 Hiet.
888 3855 952 3915 La.
971 3862 1045 3917 tom.
1065 3856 1094 3915 Ι.
1111 3877 1142 3938 p.
1157 3873 1209 3937 52.
1256 3855 1359 3917 Notat
1383 3854 1552 3917 Fabricius
1575 3876 1649 3939 quo-

552 3957 677 4040 quoad
702 3955 835 4018 Hieron.
859 3956 908 4017 De
932 3956 1018 4018 Viri-s
1041 3956 1096 4017 Ill.
1116 3978 1186 4039 ουρ.
1202 3956 1267 4018 xix.
1312 3956 1442 4019 Valesio
1466 3957 1527 4020 hao
1552 3958 1591 4019 de
1614 3977 1649 4018 re

553 4058 745 4121 consensisse
771 4066 791 4097 ‘⁶
809 4057 981 4139 Dupinum,
1011 4058 1217 4132 Lemoinium,
1243 4056 1489 4134 Tillemontium,
1506 4058 1548 4120 ob
1572 4065 1650 4121 tem-

554 4170 701 4244 “porum
723 4159 873 4236 rationes,
893 4159 949 4221 sed
971 4158 1098 4222 minime
1120 4158 1318 4242 expeditas.’'
1363 4161 1444 4221 Mox
1467 4159 1500 4221 in
1523 4159 1649 4222 voeibus

554 4263 649 4325 αὐτῶν
675 4261 846 4332 ἐπισκόπου,
862 4281 941 4342 quas
957 4259 1105 4322 Valesius
1130 4259 1178 4322 ita
1203 4266 1365 4342 posuerat,
1382 4259 1547 4323 Strothius
1569 4259 1650 4344 prio-

553 4384 620 4425 rem
639 4362 779 4445 ipsarum
806 4360 957 4435 ordinem,
983 4361 1146 4423 ἐπισκόπου
1169 4361 1274 4435 αὐτῶν,
1294 4360 1326 4422 in
1350 4360 1400 4423 ed.
1416 4382 1507 4424 suam
1527 4382 1650 4425 revoea-

553 4463 599 4527 vit
609 4487 618 4538 ;
640 4462 695 4526 sed
719 4483 790 4524 eum
808 4461 936 4523 Valesio
954 4461 1074 4525 faciunt
1096 4462 1209 4524 codices
1223 4461 1313 4524 Bodl.
1330 4468 1364 4524 et
1378 4462 1522 4544 Norfolo.
1539 4463 1651 4547 aliique

553 4585 670 4640 omnes,
687 4571 723 4626 ut
738 4584 821 4625 nune
836 4563 935 4625 refert
951 4562 1123 4640 Burtonus‚
1138 4570 1256 4649 praetor
1271 4563 1411 4648 Ropiam.
