4359 5150
628 422 808 485 AUCTT.
831 421 1021 485 ECCLES.
1048 421 1245 485 HIERON.
1270 420 1526 484 RECENSUS.
1559 419 1603 483 xli

545 614 641 656 orum
676 591 833 677 episcopo,
863 598 897 656 et
927 592 1079 669 'fotiano
1111 601 1145 657 et
1178 592 1372 669 Bardesane‚
1403 592 1442 656 de
1476 590 1598 655 Irenaeo

547 702 685 766 Photini
707 703 858 788 martyris
872 724 1073 779 successore3
1097 704 1150 788 qui
1167 703 1304 787 origines
1323 703 1477 767 hereseon
1496 702 1602 787 singu-

545 813 663 890 larum,
688 819 723 876 et
750 834 790 876 ex
819 812 933 897 quibus
961 812 1221 899 philosophorum
1246 813 1387 877 fontibus
1413 812 1601 888 emanarint,

545 922 660 986 multis
684 921 893 986 voluminibus
919 922 1135 1007 explicarent!
1170 924 1340 987 Pantanus
1365 921 1479 987 Stoicae
1505 927 1601 987 sectae

545 1032 758 1116 philosophus
778 1033 819 1096 ob
842 1031 1012 1116 praecipuae
1033 1031 1221 1096 eruditionis
1235 1032 1380 1117 gloriam,
1394 1055 1415 1097 a
1437 1032 1603 1097 Demetrio

548 1143 759 1207 Alexandriae
782 1143 930 1228 episcopo
954 1142 1068 1206 missus
1090 1150 1139 1207 est
1161 1143 1194 1206 in
1218 1142 1354 1219 Indiam,
1378 1151 1415 1206 ut
1439 1140 1602 1206 Christum

543 1254 634 1338 apud
653 1253 870 1317 Brachmanae
890 1261 925 1318 et
947 1253 1030 1317 illius
1049 1254 1155 1339 gentis
1175 1253 1380 1340 philosophos
1402 1252 1602 1337 praedicaret.

546 1363 700 1427 Clemens
715 1362 942 1426 Alexandrina
963 1362 1103 1427 ecelesiae
1121 1364 1296 1447 presbyter,
1313 1385 1383 1427 meo
1399 1362 1520 1447 judicio
1535 1384 1601 1426 om·

546 1474 637 1537 nium
667 1473 908 1552 eruditissimus,
939 1479 1015 1537 octo
1044 1474 1170 1559 scripsit
1201 1474 1399 1539 stromatum
1429 1473 1537 1550 libros,
1568 1479 1602 1537 et

546 1582 688 1646 totidem
708 1581 956 1655 Ὕποτυπῶσεωυ,
973 1588 1007 1647 et
1028 1582 1125 1647 alium
1148 1591 1261 1647 contra
1281 1584 1413 1659 Gentes,
1429 1582 1601 1667 Paedagogi

546 1712 676 1776 quoque
691 1690 756 1755 tria
769 1691 937 1756 volumina.
983 1692 1066 1773 Quid
1087 1692 1120 1755 in
1140 1692 1200 1755 illis
1220 1692 1395 1768 indoctum,
1410 1691 1507 1754 immo
1525 1691 1601 1776 quid

545 1822 613 1863 non
638 1801 679 1863 de
705 1801 810 1865 media
833 1801 1033 1887 philosophia
1056 1804 1126 1866 estl
1156 1801 1253 1866 Hunc
1278 1801 1422 1865 imitatus
1448 1802 1602 1885 Origenes

546 1913 660 1976 decem
672 1911 799 1996 scripsit
811 1913 1021 1990 scr-omanus,
1031 1913 1288 1978 Christianorum
1299 1921 1332 1977 et
1343 1912 1602 1997 philosophorum

543 2023 634 2085 inter
652 2043 687 2085 se
707 2023 883 2086 sententias
905 2044 1104 2108 comparans,
1120 2028 1153 2087 et
1176 2022 1282 2087 omnia
1301 2031 1420 2087 nostrae
1441 2022 1602 2108 religionis

542 2133 703 2217 dogmata
727 2132 768 2195 de
791 2132 926 2196 Platone
948 2140 983 2196 et
1007 2132 1194 2209 Aristotele,
1221 2132 1377 2197 Numenio
1398 2133 1601 2218 Gomutoque

544 2242 749 2306 confirmans.
795 2240 928 2327 Scripsit
947 2249 981 2305 et
1002 2241 1169 2306 Miltiades
1189 2250 1302 2307 contra
1320 2244 1440 2307 Gentes
1455 2243 1600 2307 volumen

542 2352 731 2437 egregium3
766 2349 963 2436 Hippolytus
992 2373 1128 2435 quoque,
1156 2359 1190 2415 ot
1217 2351 1415 2435 Apollonius,
1444 2353 1599 2416 Romanas

546 2461 637 2525 urbis
662 2468 802 2539 senator,
825 2459 953 2544 propria
978 2460 1131 2544 opuscula
1155 2458 1373 2523 condiderunt.
1419 2459 1545 2525 Extant
1567 2471 1601 2526 et

540 2569 634 2635 Julii
658 2569 811 2652 Africani
834 2568 917 2647 libri,
942 2569 995 2654 qui
1022 2577 1202 2654 temporum
1231 2568 1355 2654 scripsit
1384 2568 1543 2647 historias,
1567 2579 1601 2635 et

542 2679 714 2743 Theodori
730 2679 785 2764 qui
806 2686 920 2763 postea
937 2679 1100 2764 Grepmtm
1119 2677 1297 2763 appellatus
1317 2685 1377 2752 est,
1394 2677 1451 2741 viri
1471 2688 1599 2762 aposto-

539 2789 679 2853 licorum
694 2789 857 2874 signorum
876 2794 973 2872 atque
994 2789 1160 2865 virtutum,
1177 2796 1210 2852 et
1229 2788 1375 2870 Dionysii
1390 2789 1599 2853 Alexandrini

541 2901 707 2985 episcopi;
733 2900 879 2965 Anatolii
901 2922 1027 2985 quoque
1050 2901 1237 2964 Laodicenae
1256 2900 1394 2964 ecclesiae
1414 2901 1598 2977 sacerdotis,

541 3033 667 3076 necnon
696 3012 956 3096 presbyterorum
987 3010 1155 3096 Pamphili,
1190 3012 1305 3089 Pierii,
1338 3012 1481 3084 Lucimss',
1512 3010 1599 3075 Mol-

542 3121 677 3195 ctione·
704 3120 838 3185 Euschii
858 3121 1061 3185 Gaesariensis
1081 3121 1229 3207 episcopi,
1245 3121 1301 3185 &c
1317 3122 1374 3186 &a
1404 3122 1506 3207 Epist.
1524 3145 1597 3185 axx.

547 3253 577 3313 p.
587 3237 656 3312 426.
674 3241 751 3297 tom.
768 3232 789 3295 i.
807 3230 884 3294 edit.
902 3230 1111 3296 Vallarsianae
1130 3233 1260 3315 Operum
1276 3232 1309 3294 S.
1321 3232 1448 3294 Hieron.
