<?xml version="1.0" encoding="UTF-8"?>
<!DOCTYPE html PUBLIC "-//W3C//DTD XHTML 1.0 Transitional//EN"
    "http://www.w3.org/TR/xhtml1/DTD/xhtml1-transitional.dtd">
<html xmlns="http://www.w3.org/1999/xhtml" xml:lang="en" lang="en">
 <head>
  <title>
</title>
<meta http-equiv="Content-Type" content="text/html;charset=utf-8" />
  <meta name='ocr-system' content='tesseract 3.04.00' />
  <meta name='ocr-capabilities' content='ocr_page ocr_carea ocr_par ocr_line ocrx_word'/>
</head>
<body>
  <div class='ocr_page' id='page_1' title='image "./reliquiaesacrae04routgoog_0288.png"; bbox 0 0 4359 5150; ppageno 0'>
   <div class='ocr_carea' id='block_1_1' title="bbox 611 454 1449 531">
    <p class='ocr_par' dir='ltr' id='par_1_1' title="bbox 611 454 1449 531">
     <span class='ocr_line' id='line_1_1' title="bbox 611 454 1449 531; baseline 0.007 -6"><span class='ocrx_word' id='word_1_1' title='bbox 611 461 677 525; x_wconf 67' lang='lat'><strong>238</strong></span> <span class='ocrx_word' id='word_1_2' title='bbox 979 454 1342 531; x_wconf 80' lang='lat' dir='ltr'><strong>ANNOTATIONES</strong></span> <span class='ocrx_word' id='word_1_3' title='bbox 1446 491 1449 496; x_wconf 59' lang='grc'><strong><em>’</em></strong></span> 
     </span>
    </p>
   </div>
   <div class='ocr_carea' id='block_1_2' title="bbox 607 631 1715 2546">
    <p class='ocr_par' dir='ltr' id='par_1_2' title="bbox 607 631 1712 822">
     <span class='ocr_line' id='line_1_2' title="bbox 607 631 1712 722; baseline 0.002 -27"><span class='ocrx_word' id='word_1_4' title='bbox 607 632 707 696; x_wconf 89' lang='lat' dir='ltr'><strong>odoro</strong></span> <span class='ocrx_word' id='word_1_5' title='bbox 724 632 905 698; x_wconf 89' lang='lat' dir='ltr'><strong>Metochita</strong></span> <span class='ocrx_word' id='word_1_6' title='bbox 918 636 1135 710; x_wconf 82' lang='lat' dir='ltr'><strong>statuendum,</strong></span> <span class='ocrx_word' id='word_1_7' title='bbox 1152 634 1205 722; x_wconf 91' lang='lat' dir='ltr'><strong>qui</strong></span> <span class='ocrx_word' id='word_1_8' title='bbox 1220 636 1254 701; x_wconf 91' lang='lat' dir='ltr'><strong>in</strong></span> <span class='ocrx_word' id='word_1_9' title='bbox 1266 635 1447 702; x_wconf 59' lang='lat' dir='ltr'><strong>ammas</strong></span> <span class='ocrx_word' id='word_1_10' title='bbox 1462 634 1609 699; x_wconf 87' lang='lat' dir='ltr'><strong>Menrsio</strong></span> <span class='ocrx_word' id='word_1_11' title='bbox 1627 631 1712 697; x_wconf 89' lang='lat' dir='ltr'><strong>edita</strong></span> 
     </span>
     <span class='ocr_line' id='line_1_3' title="bbox 607 734 1197 822; baseline 0.01 -25"><span class='ocrx_word' id='word_1_12' title='bbox 607 734 705 818; x_wconf 81' lang='lat' dir='ltr'><strong>p.·62.</strong></span> <span class='ocrx_word' id='word_1_13' title='bbox 721 735 855 799; x_wconf 91' lang='lat' dir='ltr'><strong>eandem</strong></span> <span class='ocrx_word' id='word_1_14' title='bbox 868 736 1035 801; x_wconf 89' lang='lat' dir='ltr'><strong>lectionem</strong></span> <span class='ocrx_word' id='word_1_15' title='bbox 1051 748 1197 822; x_wconf 70' lang='lat' dir='ltr'><strong>prestat.</strong></span> 
     </span>
    </p>

    <p class='ocr_par' dir='ltr' id='par_1_3' title="bbox 651 835 1611 924">
     <span class='ocr_line' id='line_1_4' title="bbox 651 835 1611 924; baseline 0.005 -26"><span class='ocrx_word' id='word_1_16' title='bbox 651 835 687 899; x_wconf 95' lang='lat' dir='ltr'><strong>P.</strong></span> <span class='ocrx_word' id='word_1_17' title='bbox 706 856 778 919; x_wconf 88' lang='lat'><strong>209.</strong></span> <span class='ocrx_word' id='word_1_18' title='bbox 794 836 814 900; x_wconf 91' lang='lat' dir='ltr'><strong>l.</strong></span> <span class='ocrx_word' id='word_1_19' title='bbox 835 838 865 900; x_wconf 91' lang='grc'><strong>8.</strong></span> <span class='ocrx_word' id='word_1_20' title='bbox 888 841 920 916; x_wconf 73' lang='grc' dir='ltr'><strong>ἐξ</strong></span> <span class='ocrx_word' id='word_1_21' title='bbox 935 841 991 924; x_wconf 77' lang='grc' dir='ltr'><strong>ὧν]</strong></span> <span class='ocrx_word' id='word_1_22' title='bbox 1010 838 1046 917; x_wconf 75' lang='grc' dir='ltr'><strong>ἐξ</strong></span> <span class='ocrx_word' id='word_1_23' title='bbox 1059 842 1094 903; x_wconf 71' lang='grc' dir='ltr'><strong>οὗ</strong></span> <span class='ocrx_word' id='word_1_24' title='bbox 1109 840 1195 903; x_wconf 89' lang='lat' dir='ltr'><strong>haud</strong></span> <span class='ocrx_word' id='word_1_25' title='bbox 1212 839 1295 903; x_wconf 88' lang='lat' dir='ltr'><strong>male</strong></span> <span class='ocrx_word' id='word_1_26' title='bbox 1315 839 1464 924; x_wconf 74' lang='lat' dir='ltr'><strong>Gcorpiae</strong></span> <span class='ocrx_word' id='word_1_27' title='bbox 1477 839 1611 923; x_wconf 70' lang='lat' dir='ltr'><strong>Sysscll</strong></span> 
     </span>
    </p>

    <p class='ocr_par' dir='ltr' id='par_1_4' title="bbox 607 937 1715 2546">
     <span class='ocr_line' id='line_1_5' title="bbox 651 937 1710 1024; baseline 0.002 -25"><span class='ocrx_word' id='word_1_28' title='bbox 651 937 735 1000; x_wconf 85' lang='lat' dir='ltr'><strong>Ibid.</strong></span> <span class='ocrx_word' id='word_1_29' title='bbox 751 937 772 1001; x_wconf 88' lang='lat' dir='ltr'><strong>l.</strong></span> <span class='ocrx_word' id='word_1_30' title='bbox 783 959 812 1023; x_wconf 89' lang='lat'><strong>9.</strong></span> <span class='ocrx_word' id='word_1_31' title='bbox 833 940 887 1002; x_wconf 70' lang='grc' dir='ltr'><strong>οὐκ</strong></span> <span class='ocrx_word' id='word_1_32' title='bbox 904 941 1062 1004; x_wconf 71' lang='grc' dir='ltr'>ἐπίστευον</span> <span class='ocrx_word' id='word_1_33' title='bbox 1079 943 1148 1005; x_wconf 77' lang='grc' dir='ltr'>οὔτε</span> <span class='ocrx_word' id='word_1_34' title='bbox 1163 940 1347 1024; x_wconf 75' lang='grc' dir='ltr'>ἀνάστασιν]</span> <span class='ocrx_word' id='word_1_35' title='bbox 1366 940 1454 1005; x_wconf 84' lang='lat' dir='ltr'><strong>Male</strong></span> <span class='ocrx_word' id='word_1_36' title='bbox 1469 941 1607 1004; x_wconf 84' lang='lat' dir='ltr'><strong>Rufinus</strong></span> <span class='ocrx_word' id='word_1_37' title='bbox 1624 958 1710 1003; x_wconf 85' lang='lat' dir='ltr'><strong>eum·</strong></span> 
     </span>
     <span class='ocr_line' id='line_1_6' title="bbox 607 1040 1711 1126; baseline 0.004 -25"><span class='ocrx_word' id='word_1_38' title='bbox 607 1060 669 1123; x_wconf 92' lang='lat' dir='ltr'><strong>que</strong></span> <span class='ocrx_word' id='word_1_39' title='bbox 696 1048 823 1105; x_wconf 88' lang='lat' dir='ltr'><strong>secutus</strong></span> <span class='ocrx_word' id='word_1_40' title='bbox 848 1041 1155 1126; x_wconf 76' lang='lat' dir='ltr'><strong>Christophorsonus</strong></span> <span class='ocrx_word' id='word_1_41' title='bbox 1179 1042 1277 1106; x_wconf 88' lang='lat' dir='ltr'><strong>vertit</strong></span> <span class='ocrx_word' id='word_1_42' title='bbox 1302 1063 1362 1105; x_wconf 77' lang='lat' dir='ltr'><strong>con</strong></span> <span class='ocrx_word' id='word_1_43' title='bbox 1390 1041 1595 1117; x_wconf 61' lang='lat' dir='ltr'><strong>dediderant,</strong></span> <span class='ocrx_word' id='word_1_44' title='bbox 1624 1040 1711 1125; x_wconf 86' lang='lat' dir='ltr'><strong>quasi</strong></span> 
     </span>
     <span class='ocr_line' id='line_1_7' title="bbox 607 1140 1713 1228; baseline 0.003 -26"><span class='ocrx_word' id='word_1_45' title='bbox 607 1140 768 1225; x_wconf 81' lang='lat' dir='ltr'><strong>legeretur</strong></span> <span class='ocrx_word' id='word_1_46' title='bbox 788 1144 841 1205; x_wconf 76' lang='grc' dir='ltr'><strong>οὐκ</strong></span> <span class='ocrx_word' id='word_1_47' title='bbox 861 1145 1054 1208; x_wconf 74' lang='grc' dir='ltr'>ἐπίστευσαν.</span> <span class='ocrx_word' id='word_1_48' title='bbox 1102 1144 1215 1228; x_wconf 83' lang='lat' dir='ltr'><strong>Longe</strong></span> <span class='ocrx_word' id='word_1_49' title='bbox 1233 1143 1346 1206; x_wconf 91' lang='lat' dir='ltr'><strong>melius</strong></span> <span class='ocrx_word' id='word_1_50' title='bbox 1362 1143 1529 1208; x_wconf 75' lang='lat' dir='ltr'><strong>Masculus</strong></span> <span class='ocrx_word' id='word_1_51' title='bbox 1542 1143 1643 1207; x_wconf 81' lang='lat' dir='ltr'><strong>vertit</strong></span> <span class='ocrx_word' id='word_1_52' title='bbox 1656 1163 1713 1205; x_wconf 79' lang='grc' dir='ltr'><strong>που</strong></span> 
     </span>
     <span class='ocr_line' id='line_1_8' title="bbox 608 1242 1712 1325; baseline -0.001 -19"><span class='ocrx_word' id='word_1_53' title='bbox 608 1242 740 1306; x_wconf 69' lang='lat' dir='ltr'><strong>cedam.</strong></span> <span class='ocrx_word' id='word_1_54' title='bbox 769 1243 852 1307; x_wconf 88' lang='lat' dir='ltr'><strong>Nam</strong></span> <span class='ocrx_word' id='word_1_55' title='bbox 867 1244 982 1309; x_wconf 78' lang='lat' dir='ltr'><strong>Graeca</strong></span> <span class='ocrx_word' id='word_1_56' title='bbox 993 1268 1053 1309; x_wconf 84' lang='lat' dir='ltr'><strong>vox</strong></span> <span class='ocrx_word' id='word_1_57' title='bbox 1068 1246 1151 1309; x_wconf 87' lang='lat' dir='ltr'><strong>hanc</strong></span> <span class='ocrx_word' id='word_1_58' title='bbox 1166 1246 1265 1309; x_wconf 90' lang='lat' dir='ltr'><strong>habet</strong></span> <span class='ocrx_word' id='word_1_59' title='bbox 1279 1244 1553 1325; x_wconf 79' lang='lat' dir='ltr'><strong>significationem.</strong></span> <span class='ocrx_word' id='word_1_60' title='bbox 1582 1243 1712 1308; x_wconf 86' lang='lat' dir='ltr'><strong>Falsum</strong></span> 
     </span>
     <span class='ocr_line' id='line_1_9' title="bbox 608 1345 1712 1412; baseline 0 -3"><span class='ocrx_word' id='word_1_61' title='bbox 608 1350 717 1409; x_wconf 76' lang='lat' dir='ltr'><strong>tamrm</strong></span> <span class='ocrx_word' id='word_1_62' title='bbox 739 1354 789 1411; x_wconf 90' lang='lat' dir='ltr'><strong>est</strong></span> <span class='ocrx_word' id='word_1_63' title='bbox 811 1369 865 1411; x_wconf 88' lang='lat' dir='ltr'><strong>eas</strong></span> <span class='ocrx_word' id='word_1_64' title='bbox 887 1356 992 1412; x_wconf 82' lang='lat' dir='ltr'><strong>sectus</strong></span> <span class='ocrx_word' id='word_1_65' title='bbox 1017 1369 1081 1410; x_wconf 87' lang='lat' dir='ltr'><strong>non</strong></span> <span class='ocrx_word' id='word_1_66' title='bbox 1108 1347 1279 1411; x_wconf 75' lang='lat' dir='ltr'><strong>credidisse</strong></span> <span class='ocrx_word' id='word_1_67' title='bbox 1304 1346 1570 1410; x_wconf 70' lang='lat' dir='ltr'><strong>resurrectionem</strong></span> <span class='ocrx_word' id='word_1_68' title='bbox 1631 1345 1712 1410; x_wconf 88' lang='lat' dir='ltr'><strong>Nam</strong></span> 
     </span>
     <span class='ocr_line' id='line_1_10' title="bbox 609 1446 1712 1513; baseline 0 -2"><span class='ocrx_word' id='word_1_69' title='bbox 609 1447 765 1513; x_wconf 85' lang='lat' dir='ltr'><strong>Pharisaei</strong></span> <span class='ocrx_word' id='word_1_70' title='bbox 780 1470 851 1513; x_wconf 88' lang='lat' dir='ltr'><strong>eam</strong></span> <span class='ocrx_word' id='word_1_71' title='bbox 865 1450 1048 1513; x_wconf 88' lang='lat' dir='ltr'><strong>credebant.</strong></span> <span class='ocrx_word' id='word_1_72' title='bbox 1073 1448 1239 1511; x_wconf 67' lang='lat' dir='ltr'><strong>Vlnmrus.</strong></span> <span class='ocrx_word' id='word_1_73' title='bbox 1278 1447 1329 1512; x_wconf 92' lang='lat' dir='ltr'><strong>De</strong></span> <span class='ocrx_word' id='word_1_74' title='bbox 1344 1446 1467 1513; x_wconf 76' lang='lat' dir='ltr'><strong>Christi</strong></span> <span class='ocrx_word' id='word_1_75' title='bbox 1481 1448 1712 1512; x_wconf 84' lang='lat' dir='ltr'><strong>resurrectione</strong></span> 
     </span>
     <span class='ocr_line' id='line_1_11' title="bbox 609 1547 1713 1635; baseline 0.001 -23"><span class='ocrx_word' id='word_1_76' title='bbox 609 1547 828 1635; x_wconf 79' lang='lat' dir='ltr'><strong>Hegesippum</strong></span> <span class='ocrx_word' id='word_1_77' title='bbox 847 1549 1079 1635; x_wconf 87' lang='lat' dir='ltr'><strong>interpretatus</strong></span> <span class='ocrx_word' id='word_1_78' title='bbox 1096 1557 1146 1614; x_wconf 89' lang='lat' dir='ltr'><strong>est</strong></span> <span class='ocrx_word' id='word_1_79' title='bbox 1163 1550 1309 1626; x_wconf 85' lang='lat' dir='ltr'><strong>Rufinus,</strong></span> <span class='ocrx_word' id='word_1_80' title='bbox 1325 1549 1489 1622; x_wconf 84' lang='lat' dir='ltr'><strong>vertendo,</strong></span> <span class='ocrx_word' id='word_1_81' title='bbox 1503 1570 1565 1612; x_wconf 78' lang='grc' dir='ltr'><strong>που</strong></span> <span class='ocrx_word' id='word_1_82' title='bbox 1582 1550 1713 1613; x_wconf 75' lang='lat' dir='ltr'><strong>credide·</strong></span> 
     </span>
     <span class='ocr_line' id='line_1_12' title="bbox 607 1648 1713 1737; baseline 0 -24"><span class='ocrx_word' id='word_1_83' title='bbox 607 1659 681 1713; x_wconf 78' lang='lat' dir='ltr'><strong>rent</strong></span> <span class='ocrx_word' id='word_1_84' title='bbox 693 1671 786 1735; x_wconf 77' lang='lat' dir='ltr'><strong>nepae</strong></span> <span class='ocrx_word' id='word_1_85' title='bbox 798 1653 961 1715; x_wconf 61' lang='lat' dir='ltr'><strong>samso</strong></span> <span class='ocrx_word' id='word_1_86' title='bbox 974 1674 1049 1728; x_wconf 74' lang='lat' dir='ltr'><strong>mm,</strong></span> <span class='ocrx_word' id='word_1_87' title='bbox 1065 1673 1157 1737; x_wconf 76' lang='lat' dir='ltr'><strong>acque</strong></span> <span class='ocrx_word' id='word_1_88' title='bbox 1171 1660 1328 1715; x_wconf 76' lang='lat' dir='ltr'><strong>secturam</strong></span> <span class='ocrx_word' id='word_1_89' title='bbox 1341 1652 1397 1714; x_wconf 79' lang='lat' dir='ltr'><strong>&amp;c</strong></span> <span class='ocrx_word' id='word_1_90' title='bbox 1428 1648 1661 1735; x_wconf 80' lang='lat' dir='ltr'><strong>Fabriciosque</strong></span> <span class='ocrx_word' id='word_1_91' title='bbox 1674 1651 1713 1715; x_wconf 89' lang='lat' dir='ltr'><strong>ad</strong></span> 
     </span>
     <span class='ocr_line' id='line_1_13' title="bbox 609 1751 1711 1839; baseline 0.002 -25"><span class='ocrx_word' id='word_1_92' title='bbox 609 1751 749 1815; x_wconf 87' lang='lat' dir='ltr'><strong>Abdiam</strong></span> <span class='ocrx_word' id='word_1_93' title='bbox 766 1753 798 1815; x_wconf 92' lang='lat' dir='ltr'><strong>in</strong></span> <span class='ocrx_word' id='word_1_94' title='bbox 811 1753 982 1839; x_wconf 78' lang='lat' dir='ltr'><strong>Apostolica</strong></span> <span class='ocrx_word' id='word_1_95' title='bbox 1000 1755 1083 1817; x_wconf 71' lang='lat' dir='ltr'><strong>His.</strong></span> <span class='ocrx_word' id='word_1_96' title='bbox 1120 1752 1271 1816; x_wconf 85' lang='lat' dir='ltr'><strong>Rufinum</strong></span> <span class='ocrx_word' id='word_1_97' title='bbox 1287 1752 1520 1816; x_wconf 85' lang='lat' dir='ltr'><strong>exscribentem</strong></span> <span class='ocrx_word' id='word_1_98' title='bbox 1534 1752 1711 1826; x_wconf 74' lang='lat' dir='ltr'><strong>annotavit,</strong></span> 
     </span>
     <span class='ocr_line' id='line_1_14' title="bbox 609 1850 1712 1936; baseline 0.002 -23"><span class='ocrx_word' id='word_1_99' title='bbox 609 1858 631 1888; x_wconf 79' lang='lat'><strong>‘⁴</strong></span> <span class='ocrx_word' id='word_1_100' title='bbox 645 1850 738 1936; x_wconf 85' lang='lat' dir='ltr'><strong>longe</strong></span> <span class='ocrx_word' id='word_1_101' title='bbox 762 1851 873 1915; x_wconf 87' lang='lat' dir='ltr'><strong>melius</strong></span> <span class='ocrx_word' id='word_1_102' title='bbox 896 1873 967 1915; x_wconf 91' lang='lat' dir='ltr'><strong>cum</strong></span> <span class='ocrx_word' id='word_1_103' title='bbox 991 1859 1062 1916; x_wconf 90' lang='lat' dir='ltr'><strong>tota</strong></span> <span class='ocrx_word' id='word_1_104' title='bbox 1086 1852 1167 1915; x_wconf 89' lang='lat' dir='ltr'><strong>serie</strong></span> <span class='ocrx_word' id='word_1_105' title='bbox 1190 1852 1344 1916; x_wconf 88' lang='lat' dir='ltr'><strong>orationis</strong></span> <span class='ocrx_word' id='word_1_106' title='bbox 1366 1851 1516 1929; x_wconf 75' lang='lat' dir='ltr'><strong>cohoeret,</strong></span> <span class='ocrx_word' id='word_1_107' title='bbox 1542 1852 1569 1917; x_wconf 80' lang='lat' dir='ltr'><strong>si</strong></span> <span class='ocrx_word' id='word_1_108' title='bbox 1594 1852 1712 1917; x_wconf 84' lang='lat' dir='ltr'><strong>Ohristl</strong></span> 
     </span>
     <span class='ocr_line' id='line_1_15' title="bbox 610 1953 1715 2039; baseline 0.004 -24"><span class='ocrx_word' id='word_1_109' title='bbox 610 1959 631 1990; x_wconf 89' lang='lat'>“</span> <span class='ocrx_word' id='word_1_110' title='bbox 647 1953 911 2017; x_wconf 83' lang='lat' dir='ltr'><strong>resurrectionem</strong></span> <span class='ocrx_word' id='word_1_111' title='bbox 929 1954 970 2016; x_wconf 86' lang='lat' dir='ltr'><strong>ab</strong></span> <span class='ocrx_word' id='word_1_112' title='bbox 991 1954 1051 2017; x_wconf 88' lang='lat' dir='ltr'><strong>illis</strong></span> <span class='ocrx_word' id='word_1_113' title='bbox 1068 1954 1226 2018; x_wconf 72' lang='lat' dir='ltr'><strong>haereticis</strong></span> <span class='ocrx_word' id='word_1_114' title='bbox 1244 1961 1394 2039; x_wconf 86' lang='lat' dir='ltr'><strong>negatam</strong></span> <span class='ocrx_word' id='word_1_115' title='bbox 1409 1975 1481 2017; x_wconf 91' lang='lat' dir='ltr'><strong>cum</strong></span> <span class='ocrx_word' id='word_1_116' title='bbox 1496 1953 1617 2018; x_wconf 82' lang='lat' dir='ltr'><strong>Rufino</strong></span> <span class='ocrx_word' id='word_1_117' title='bbox 1634 1955 1715 2019; x_wconf 90' lang='lat' dir='ltr'><strong>dica·</strong></span> 
     </span>
     <span class='ocr_line' id='line_1_16' title="bbox 609 2055 1711 2141; baseline 0.005 -24"><span class='ocrx_word' id='word_1_118' title='bbox 609 2066 629 2089; x_wconf 83' lang='lat'><strong>“</strong></span> <span class='ocrx_word' id='word_1_119' title='bbox 644 2074 726 2118; x_wconf 91' lang='lat' dir='ltr'><strong>mus.</strong></span> <span class='ocrx_word' id='word_1_120' title='bbox 762 2055 886 2119; x_wconf 89' lang='lat' dir='ltr'><strong>Valesio</strong></span> <span class='ocrx_word' id='word_1_121' title='bbox 901 2063 1010 2119; x_wconf 89' lang='lat' dir='ltr'><strong>tamen</strong></span> <span class='ocrx_word' id='word_1_122' title='bbox 1025 2065 1059 2121; x_wconf 90' lang='lat' dir='ltr'><strong>et</strong></span> <span class='ocrx_word' id='word_1_123' title='bbox 1074 2056 1224 2120; x_wconf 90' lang='lat' dir='ltr'><strong>Musculo</strong></span> <span class='ocrx_word' id='word_1_124' title='bbox 1238 2056 1455 2139; x_wconf 79' lang='lat' dir='ltr'><strong>adstipuletur</strong></span> <span class='ocrx_word' id='word_1_125' title='bbox 1470 2056 1711 2141; x_wconf 75' lang='lat' dir='ltr'><strong>Metuphrastes</strong></span> 
     </span>
     <span class='ocr_line' id='line_1_17' title="bbox 608 2157 1713 2241; baseline 0.003 -22"><span class='ocrx_word' id='word_1_126' title='bbox 608 2163 629 2193; x_wconf 75' lang='lat'><strong>⁸⁸</strong></span> <span class='ocrx_word' id='word_1_127' title='bbox 643 2180 675 2241; x_wconf 88' lang='lat' dir='ltr'><strong>p.</strong></span> <span class='ocrx_word' id='word_1_128' title='bbox 692 2174 734 2241; x_wconf 83' lang='lat'><strong>52</strong></span> <span class='ocrx_word' id='word_1_129' title='bbox 735 2173 766 2241; x_wconf 77' lang='lat'><strong>5.</strong></span> <span class='ocrx_word' id='word_1_130' title='bbox 811 2160 852 2222; x_wconf 87' lang='lat' dir='ltr'><strong>Ol</strong></span> <span class='ocrx_word' id='word_1_131' title='bbox 871 2160 904 2221; x_wconf 70' lang='grc' dir='ltr'><strong>δὲ</strong></span> <span class='ocrx_word' id='word_1_132' title='bbox 925 2158 1071 2235; x_wconf 81' lang='grc' dir='ltr'>ἠπίστουν</span> <span class='ocrx_word' id='word_1_133' title='bbox 1090 2184 1124 2222; x_wconf 83' lang='grc' dir='ltr'><strong>τε</strong></span> <span class='ocrx_word' id='word_1_134' title='bbox 1143 2160 1190 2221; x_wconf 82' lang='grc' dir='ltr'>καὶ</span> <span class='ocrx_word' id='word_1_135' title='bbox 1209 2158 1376 2239; x_wconf 67' lang='grc' dir='ltr'>ἀντέλεγον</span> <span class='ocrx_word' id='word_1_136' title='bbox 1390 2160 1465 2220; x_wconf 71' lang='grc' dir='ltr'>κατὰ</span> <span class='ocrx_word' id='word_1_137' title='bbox 1478 2157 1650 2237; x_wconf 78' lang='grc' dir='ltr'>παράδοσιν</span> <span class='ocrx_word' id='word_1_138' title='bbox 1663 2160 1713 2222; x_wconf 76' lang='grc' dir='ltr'><strong>οὐκ</strong></span> 
     </span>
     <span class='ocr_line' id='line_1_18' title="bbox 607 2258 1713 2340; baseline 0.005 -19"><span class='ocrx_word' id='word_1_139' title='bbox 607 2266 629 2295; x_wconf 85' lang='grc'><strong>“</strong></span> <span class='ocrx_word' id='word_1_140' title='bbox 645 2260 737 2338; x_wconf 71' lang='grc' dir='ltr'>ὀρθὴν</span> <span class='ocrx_word' id='word_1_141' title='bbox 756 2260 804 2323; x_wconf 75' lang='grc' dir='ltr'>καὶ</span> <span class='ocrx_word' id='word_1_142' title='bbox 824 2258 952 2338; x_wconf 78' lang='grc' dir='ltr'>πλάνην.</span> <span class='ocrx_word' id='word_1_143' title='bbox 998 2262 1037 2322; x_wconf 80' lang='lat' dir='ltr'><strong>At</strong></span> <span class='ocrx_word' id='word_1_144' title='bbox 1056 2263 1115 2340; x_wconf 76' lang='grc' dir='ltr'><strong>γὰρ</strong></span> <span class='ocrx_word' id='word_1_145' title='bbox 1135 2260 1266 2340; x_wconf 75' lang='grc' dir='ltr'>αἱρέσεις</span> <span class='ocrx_word' id='word_1_146' title='bbox 1284 2261 1370 2323; x_wconf 76' lang='grc' dir='ltr'>οὗτοι</span> <span class='ocrx_word' id='word_1_147' title='bbox 1391 2262 1472 2340; x_wconf 73' lang='grc' dir='ltr'>παρὸ</span> <span class='ocrx_word' id='word_1_148' title='bbox 1490 2259 1656 2337; x_wconf 76' lang='grc' dir='ltr'>Ἰουδαίοις,</span> <span class='ocrx_word' id='word_1_149' title='bbox 1677 2262 1713 2327; x_wconf 73' lang='grc' dir='ltr'><strong>ὃς</strong></span> 
     </span>
     <span class='ocr_line' id='line_1_19' title="bbox 609 2360 1710 2445; baseline 0.001 -22"><span class='ocrx_word' id='word_1_150' title='bbox 609 2370 629 2393; x_wconf 83' lang='grc'>“</span> <span class='ocrx_word' id='word_1_151' title='bbox 646 2364 713 2424; x_wconf 79' lang='grc' dir='ltr'>θεῖα</span> <span class='ocrx_word' id='word_1_152' title='bbox 730 2361 808 2440; x_wconf 76' lang='grc' dir='ltr'>φασὶ</span> <span class='ocrx_word' id='word_1_153' title='bbox 826 2364 915 2441; x_wconf 82' lang='grc' dir='ltr'>λόγια</span> <span class='ocrx_word' id='word_1_154' title='bbox 930 2360 1074 2445; x_wconf 87' lang='lat' dir='ltr'><strong>(respicit</strong></span> <span class='ocrx_word' id='word_1_155' title='bbox 1088 2362 1163 2426; x_wconf 85' lang='lat' dir='ltr'><strong>Act.</strong></span> <span class='ocrx_word' id='word_1_156' title='bbox 1177 2362 1263 2424; x_wconf 84' lang='lat' dir='ltr'><strong>xxiii.</strong></span> <span class='ocrx_word' id='word_1_157' title='bbox 1281 2363 1311 2425; x_wconf 89' lang='lat'><strong>8.</strong></span> <span class='ocrx_word' id='word_1_158' title='bbox 1327 2362 1381 2425; x_wconf 92' lang='lat' dir='ltr'><strong>ubi</strong></span> <span class='ocrx_word' id='word_1_159' title='bbox 1397 2362 1438 2424; x_wconf 94' lang='lat' dir='ltr'><strong>de</strong></span> <span class='ocrx_word' id='word_1_160' title='bbox 1451 2360 1528 2425; x_wconf 89' lang='lat' dir='ltr'><strong>solis</strong></span> <span class='ocrx_word' id='word_1_161' title='bbox 1543 2382 1649 2425; x_wconf 89' lang='lat' dir='ltr'><strong>sermo</strong></span> <span class='ocrx_word' id='word_1_162' title='bbox 1663 2369 1710 2424; x_wconf 87' lang='lat' dir='ltr'><strong>est</strong></span> 
     </span>
     <span class='ocr_line' id='line_1_20' title="bbox 609 2460 1709 2546; baseline 0.003 -23"><span class='ocrx_word' id='word_1_163' title='bbox 609 2471 629 2494; x_wconf 88' lang='grc'>“</span> <span class='ocrx_word' id='word_1_164' title='bbox 646 2460 844 2541; x_wconf 82' lang='lat' dir='ltr'><strong>Sadducaeis)</strong></span> <span class='ocrx_word' id='word_1_165' title='bbox 864 2463 932 2524; x_wconf 81' lang='grc' dir='ltr'>οὔτε</span> <span class='ocrx_word' id='word_1_166' title='bbox 952 2461 1123 2525; x_wconf 82' lang='grc' dir='ltr'>ἀνάστασιν</span> <span class='ocrx_word' id='word_1_167' title='bbox 1145 2462 1343 2542; x_wconf 75' lang='grc' dir='ltr'>ἐπρέσβευον,</span> <span class='ocrx_word' id='word_1_168' title='bbox 1362 2464 1431 2527; x_wconf 79' lang='grc' dir='ltr'>οὔτε</span> <span class='ocrx_word' id='word_1_169' title='bbox 1447 2466 1616 2546; x_wconf 81' lang='grc' dir='ltr'>ἐρχόμενον</span> <span class='ocrx_word' id='word_1_170' title='bbox 1638 2465 1709 2526; x_wconf 82' lang='grc' dir='ltr'>ἀπο-</span> 
     </span>
    </p>
   </div>
   <div class='ocr_carea' id='block_1_3' title="bbox 606 2562 1710 3060">
    <p class='ocr_par' dir='ltr' id='par_1_5' title="bbox 606 2562 1710 3060">
     <span class='ocr_line' id='line_1_21' title="bbox 607 2562 1709 2650; baseline 0.001 -23"><span class='ocrx_word' id='word_1_171' title='bbox 607 2569 630 2601; x_wconf 86' lang='grc'><strong>“</strong></span> <span class='ocrx_word' id='word_1_172' title='bbox 645 2568 747 2627; x_wconf 76' lang='grc' dir='ltr'>δοῦναι</span> <span class='ocrx_word' id='word_1_173' title='bbox 770 2562 884 2648; x_wconf 76' lang='grc' dir='ltr'>ἑκάστῳ</span> <span class='ocrx_word' id='word_1_174' title='bbox 908 2566 982 2626; x_wconf 74' lang='grc' dir='ltr'>κακά</span> <span class='ocrx_word' id='word_1_175' title='bbox 1003 2566 1041 2627; x_wconf 74' lang='grc' dir='ltr'><strong>τὰ</strong></span> <span class='ocrx_word' id='word_1_176' title='bbox 1064 2564 1139 2645; x_wconf 78' lang='grc' dir='ltr'>ἔργα</span> <span class='ocrx_word' id='word_1_177' title='bbox 1161 2564 1279 2628; x_wconf 54' lang='lat' dir='ltr'><strong>atroci?</strong></span> <span class='ocrx_word' id='word_1_178' title='bbox 1321 2565 1393 2630; x_wconf 73' lang='lat' dir='ltr'><strong>dod.</strong></span> <span class='ocrx_word' id='word_1_179' title='bbox 1415 2565 1590 2650; x_wconf 63' lang='lat' dir='ltr'><strong>Apccryplt.</strong></span> <span class='ocrx_word' id='word_1_180' title='bbox 1614 2566 1660 2630; x_wconf 84' lang='lat' dir='ltr'><strong>N.</strong></span> <span class='ocrx_word' id='word_1_181' title='bbox 1676 2563 1709 2630; x_wconf 83' lang='grc' dir='ltr'><strong>Τ.</strong></span> 
     </span>
     <span class='ocr_line' id='line_1_22' title="bbox 607 2653 1710 2750; baseline 0 -21"><span class='ocrx_word' id='word_1_182' title='bbox 607 2673 685 2730; x_wconf 90' lang='lat' dir='ltr'><strong>tom.</strong></span> <span class='ocrx_word' id='word_1_183' title='bbox 701 2666 772 2750; x_wconf 83' lang='lat' dir='ltr'><strong>iip.</strong></span> <span class='ocrx_word' id='word_1_184' title='bbox 787 2672 861 2749; x_wconf 85' lang='lat'><strong>603.</strong></span> <span class='ocrx_word' id='word_1_185' title='bbox 904 2653 983 2728; x_wconf 83' lang='lat' dir='ltr'><strong>Haec</strong></span> <span class='ocrx_word' id='word_1_186' title='bbox 1000 2666 1175 2729; x_wconf 81' lang='lat' dir='ltr'><strong>Fabricius.</strong></span> <span class='ocrx_word' id='word_1_187' title='bbox 1219 2667 1263 2730; x_wconf 84' lang='lat' dir='ltr'><strong>Et</strong></span> <span class='ocrx_word' id='word_1_188' title='bbox 1280 2667 1311 2729; x_wconf 89' lang='lat' dir='ltr'><strong>in</strong></span> <span class='ocrx_word' id='word_1_189' title='bbox 1332 2669 1552 2731; x_wconf 69' lang='lat' dir='ltr'><strong>Gomrncetcrio</strong></span> <span class='ocrx_word' id='word_1_190' title='bbox 1566 2669 1605 2731; x_wconf 70' lang='lat' dir='ltr'><strong>dc</strong></span> <span class='ocrx_word' id='word_1_191' title='bbox 1620 2669 1710 2750; x_wconf 64' lang='lat' dir='ltr'><strong>Hept-</strong></span> 
     </span>
     <span class='ocr_line' id='line_1_23' title="bbox 606 2769 1710 2853; baseline 0.001 -22"><span class='ocrx_word' id='word_1_192' title='bbox 606 2770 689 2853; x_wconf 79' lang='lat' dir='ltr'><strong>ec‘ppi</strong></span> <span class='ocrx_word' id='word_1_193' title='bbox 715 2769 892 2831; x_wconf 78' lang='lat' dir='ltr'><strong>Testimonio</strong></span> <span class='ocrx_word' id='word_1_194' title='bbox 914 2769 951 2830; x_wconf 83' lang='lat' dir='ltr'><strong>de</strong></span> <span class='ocrx_word' id='word_1_195' title='bbox 974 2770 1089 2851; x_wconf 73' lang='lat' dir='ltr'><strong>Septem</strong></span> <span class='ocrx_word' id='word_1_196' title='bbox 1111 2770 1291 2831; x_wconf 59' lang='lat' dir='ltr'><strong>luteorum</strong></span> <span class='ocrx_word' id='word_1_197' title='bbox 1318 2771 1420 2844; x_wconf 64' lang='lat' dir='ltr'><strong>Sectis</strong></span> <span class='ocrx_word' id='word_1_198' title='bbox 1446 2771 1599 2832; x_wconf 82' lang='lat' dir='ltr'><strong>Bononiae</strong></span> <span class='ocrx_word' id='word_1_199' title='bbox 1627 2771 1710 2833; x_wconf 91' lang='lat' dir='ltr'><strong>edito</strong></span> 
     </span>
     <span class='ocr_line' id='line_1_24' title="bbox 607 2870 1708 2955; baseline 0.001 -22"><span class='ocrx_word' id='word_1_200' title='bbox 607 2893 692 2934; x_wconf 88' lang='lat' dir='ltr'><strong>anno</strong></span> <span class='ocrx_word' id='word_1_201' title='bbox 712 2891 805 2955; x_wconf 85' lang='lat'>1793,</span> <span class='ocrx_word' id='word_1_202' title='bbox 821 2871 992 2932; x_wconf 79' lang='lat' dir='ltr'><strong>Fruucisco</strong></span> <span class='ocrx_word' id='word_1_203' title='bbox 1013 2870 1121 2932; x_wconf 87' lang='lat' dir='ltr'><strong>Florio</strong></span> <span class='ocrx_word' id='word_1_204' title='bbox 1136 2872 1273 2954; x_wconf 80' lang='lat' dir='ltr'><strong>probate</strong></span> <span class='ocrx_word' id='word_1_205' title='bbox 1293 2880 1342 2934; x_wconf 87' lang='lat' dir='ltr'><strong>est</strong></span> <span class='ocrx_word' id='word_1_206' title='bbox 1358 2872 1528 2936; x_wconf 81' lang='lat' dir='ltr'><strong>Rufiniana</strong></span> <span class='ocrx_word' id='word_1_207' title='bbox 1543 2874 1708 2936; x_wconf 89' lang='lat' dir='ltr'><strong>verborum</strong></span> 
     </span>
     <span class='ocr_line' id='line_1_25' title="bbox 610 2973 1709 3060; baseline 0.002 -24"><span class='ocrx_word' id='word_1_208' title='bbox 610 2973 783 3057; x_wconf 84' lang='lat' dir='ltr'><strong>Hegesippi</strong></span> <span class='ocrx_word' id='word_1_209' title='bbox 803 2974 968 3055; x_wconf 85' lang='lat' dir='ltr'><strong>expositio.</strong></span> <span class='ocrx_word' id='word_1_210' title='bbox 995 2973 1064 3035; x_wconf 92' lang='lat' dir='ltr'><strong>Vid.</strong></span> <span class='ocrx_word' id='word_1_211' title='bbox 1084 2995 1115 3056; x_wconf 89' lang='lat' dir='ltr'><strong>p.</strong></span> <span class='ocrx_word' id='word_1_212' title='bbox 1131 2993 1183 3055; x_wconf 81' lang='lat'><strong>54.</strong></span> <span class='ocrx_word' id='word_1_213' title='bbox 1231 2975 1271 3034; x_wconf 90' lang='lat' dir='ltr'><strong>lu</strong></span> <span class='ocrx_word' id='word_1_214' title='bbox 1291 2973 1351 3036; x_wconf 89' lang='lat' dir='ltr'><strong>hoo</strong></span> <span class='ocrx_word' id='word_1_215' title='bbox 1370 2982 1480 3036; x_wconf 86' lang='lat' dir='ltr'><strong>autem</strong></span> <span class='ocrx_word' id='word_1_216' title='bbox 1499 2975 1599 3038; x_wconf 90' lang='lat' dir='ltr'><strong>Florii</strong></span> <span class='ocrx_word' id='word_1_217' title='bbox 1620 2997 1709 3060; x_wconf 82' lang='lat' dir='ltr'><strong>opus</strong></span> 
     </span>
    </p>
   </div>
   <div class='ocr_carea' id='block_1_4' title="bbox 607 3074 1709 4589">
    <p class='ocr_par' dir='ltr' id='par_1_6' title="bbox 608 3074 1708 3364">
     <span class='ocr_line' id='line_1_26' title="bbox 608 3074 1708 3159; baseline 0.001 -21"><span class='ocrx_word' id='word_1_218' title='bbox 608 3076 678 3138; x_wconf 92' lang='lat' dir='ltr'><strong>culo</strong></span> <span class='ocrx_word' id='word_1_219' title='bbox 694 3083 841 3159; x_wconf 87' lang='lat' dir='ltr'><strong>postumo</strong></span> <span class='ocrx_word' id='word_1_220' title='bbox 860 3075 901 3136; x_wconf 91' lang='lat' dir='ltr'><strong>ab</strong></span> <span class='ocrx_word' id='word_1_221' title='bbox 921 3097 959 3136; x_wconf 92' lang='lat' dir='ltr'><strong>co</strong></span> <span class='ocrx_word' id='word_1_222' title='bbox 976 3074 1157 3136; x_wconf 88' lang='lat' dir='ltr'><strong>ostenditur</strong></span> <span class='ocrx_word' id='word_1_223' title='bbox 1172 3081 1261 3136; x_wconf 86' lang='lat' dir='ltr'><strong>rccta</strong></span> <span class='ocrx_word' id='word_1_224' title='bbox 1276 3075 1372 3137; x_wconf 87' lang='lat' dir='ltr'><strong>fuisse</strong></span> <span class='ocrx_word' id='word_1_225' title='bbox 1387 3078 1409 3137; x_wconf 83' lang='lat' dir='ltr'><em>J</em></span> <span class='ocrx_word' id='word_1_226' title='bbox 1413 3076 1598 3138; x_wconf 86' lang='lat' dir='ltr'><strong>udaicarum</strong></span> <span class='ocrx_word' id='word_1_227' title='bbox 1615 3078 1708 3139; x_wconf 75' lang='lat' dir='ltr'><strong>haere·</strong></span> 
     </span>
     <span class='ocr_line' id='line_1_27' title="bbox 608 3177 1708 3250; baseline -0.002 -9"><span class='ocrx_word' id='word_1_228' title='bbox 608 3178 688 3241; x_wconf 86' lang='lat' dir='ltr'><strong>sium</strong></span> <span class='ocrx_word' id='word_1_229' title='bbox 712 3178 777 3240; x_wconf 85' lang='lat' dir='ltr'><strong>iere</strong></span> <span class='ocrx_word' id='word_1_230' title='bbox 800 3177 949 3249; x_wconf 83' lang='lat' dir='ltr'><strong>omnium,</strong></span> <span class='ocrx_word' id='word_1_231' title='bbox 974 3177 1033 3238; x_wconf 91' lang='lat' dir='ltr'><strong>hoc</strong></span> <span class='ocrx_word' id='word_1_232' title='bbox 1060 3184 1120 3250; x_wconf 80' lang='lat' dir='ltr'><strong>est,</strong></span> <span class='ocrx_word' id='word_1_233' title='bbox 1146 3198 1209 3239; x_wconf 89' lang='lat' dir='ltr'><strong>una</strong></span> <span class='ocrx_word' id='word_1_234' title='bbox 1232 3186 1358 3239; x_wconf 86' lang='lat' dir='ltr'><strong>tantum</strong></span> <span class='ocrx_word' id='word_1_235' title='bbox 1381 3187 1438 3240; x_wconf 87' lang='lat' dir='ltr'><strong>aut</strong></span> <span class='ocrx_word' id='word_1_236' title='bbox 1461 3177 1564 3241; x_wconf 80' lang='lat' dir='ltr'><strong>altere</strong></span> <span class='ocrx_word' id='word_1_237' title='bbox 1587 3179 1708 3242; x_wconf 83' lang='lat' dir='ltr'><strong>illarum</strong></span> 
     </span>
     <span class='ocr_line' id='line_1_28' title="bbox 608 3280 1447 3364; baseline -0.001 -21"><span class='ocrx_word' id='word_1_238' title='bbox 608 3288 753 3364; x_wconf 86' lang='lat' dir='ltr'><strong>excepta,</strong></span> <span class='ocrx_word' id='word_1_239' title='bbox 768 3281 808 3341; x_wconf 93' lang='lat' dir='ltr'><strong>de</strong></span> <span class='ocrx_word' id='word_1_240' title='bbox 823 3280 1052 3342; x_wconf 86' lang='lat' dir='ltr'><strong>resurrectione</strong></span> <span class='ocrx_word' id='word_1_241' title='bbox 1068 3287 1265 3342; x_wconf 88' lang='lat' dir='ltr'><strong>mortuorum</strong></span> <span class='ocrx_word' id='word_1_242' title='bbox 1281 3281 1447 3342; x_wconf 87' lang='lat' dir='ltr'><strong>sententia.</strong></span> 
     </span>
    </p>

    <p class='ocr_par' dir='ltr' id='par_1_7' title="bbox 607 3383 1709 4180">
     <span class='ocr_line' id='line_1_29' title="bbox 652 3383 1708 3466; baseline 0.001 -22"><span class='ocrx_word' id='word_1_243' title='bbox 652 3384 734 3445; x_wconf 87' lang='lat' dir='ltr'><strong>lbid.</strong></span> <span class='ocrx_word' id='word_1_244' title='bbox 757 3383 777 3444; x_wconf 93' lang='lat' dir='ltr'><strong>l.</strong></span> <span class='ocrx_word' id='word_1_245' title='bbox 801 3403 849 3443; x_wconf 86' lang='lat'><strong>11.</strong></span> <span class='ocrx_word' id='word_1_246' title='bbox 885 3385 952 3445; x_wconf 82' lang='grc' dir='ltr'>ὅσοι</span> <span class='ocrx_word' id='word_1_247' title='bbox 989 3386 1020 3444; x_wconf 70' lang='grc' dir='ltr'><strong>δὲ</strong></span> <span class='ocrx_word' id='word_1_248' title='bbox 1052 3384 1100 3445; x_wconf 81' lang='grc' dir='ltr'>καὶ</span> <span class='ocrx_word' id='word_1_249' title='bbox 1127 3386 1317 3455; x_wconf 79' lang='grc' dir='ltr'>ἐπίστευσαν,</span> <span class='ocrx_word' id='word_1_250' title='bbox 1352 3388 1399 3445; x_wconf 82' lang='grc' dir='ltr'><strong>διὰ</strong></span> <span class='ocrx_word' id='word_1_251' title='bbox 1428 3383 1588 3466; x_wconf 82' lang='grc' dir='ltr'>Ἰάκωβον]</span> <span class='ocrx_word' id='word_1_252' title='bbox 1636 3384 1708 3445; x_wconf 83' lang='lat' dir='ltr'><strong>Vox</strong></span> 
     </span>
     <span class='ocr_line' id='line_1_30' title="bbox 608 3484 1708 3570; baseline -0.001 -22"><span class='ocrx_word' id='word_1_253' title='bbox 608 3489 789 3549; x_wconf 77' lang='grc' dir='ltr'>ἐπίστευσαν</span> <span class='ocrx_word' id='word_1_254' title='bbox 814 3484 929 3546; x_wconf 87' lang='lat' dir='ltr'><strong>iterum</strong></span> <span class='ocrx_word' id='word_1_255' title='bbox 956 3487 1129 3569; x_wconf 85' lang='lat' dir='ltr'><strong>repetenda</strong></span> <span class='ocrx_word' id='word_1_256' title='bbox 1153 3493 1221 3547; x_wconf 87' lang='lat' dir='ltr'><strong>est:</strong></span> <span class='ocrx_word' id='word_1_257' title='bbox 1254 3486 1338 3567; x_wconf 92' lang='lat' dir='ltr'><strong>quod</strong></span> <span class='ocrx_word' id='word_1_258' title='bbox 1363 3485 1483 3568; x_wconf 84' lang='lat' dir='ltr'><strong>virgula</strong></span> <span class='ocrx_word' id='word_1_259' title='bbox 1506 3486 1560 3548; x_wconf 87' lang='lat' dir='ltr'><strong>illa</strong></span> <span class='ocrx_word' id='word_1_260' title='bbox 1585 3507 1655 3570; x_wconf 79' lang='lat' dir='ltr'><strong>qum</strong></span> <span class='ocrx_word' id='word_1_261' title='bbox 1677 3486 1708 3547; x_wconf 87' lang='lat' dir='ltr'><strong>in</strong></span> 
     </span>
     <span class='ocr_line' id='line_1_31' title="bbox 607 3587 1708 3671; baseline 0 -22"><span class='ocrx_word' id='word_1_262' title='bbox 607 3587 831 3669; x_wconf 84' lang='lat' dir='ltr'><strong>manuscriptis</strong></span> <span class='ocrx_word' id='word_1_263' title='bbox 854 3588 951 3650; x_wconf 86' lang='lat' dir='ltr'><strong>ctiam</strong></span> <span class='ocrx_word' id='word_1_264' title='bbox 974 3589 1135 3650; x_wconf 87' lang='lat' dir='ltr'><strong>codicibus</strong></span> <span class='ocrx_word' id='word_1_265' title='bbox 1158 3587 1288 3671; x_wconf 81' lang='lat' dir='ltr'><strong>appicta</strong></span> <span class='ocrx_word' id='word_1_266' title='bbox 1303 3598 1362 3663; x_wconf 73' lang='lat' dir='ltr'><strong>est,</strong></span> <span class='ocrx_word' id='word_1_267' title='bbox 1379 3588 1457 3649; x_wconf 84' lang='lat' dir='ltr'><strong>satis</strong></span> <span class='ocrx_word' id='word_1_268' title='bbox 1472 3588 1626 3651; x_wconf 85' lang='lat' dir='ltr'><strong>declarat.</strong></span> <span class='ocrx_word' id='word_1_269' title='bbox 1672 3588 1708 3649; x_wconf 89' lang='lat' dir='ltr'><strong>ln</strong></span> 
     </span>
     <span class='ocr_line' id='line_1_32' title="bbox 608 3689 1709 3773; baseline -0.001 -21"><span class='ocrx_word' id='word_1_270' title='bbox 608 3689 823 3752; x_wconf 85' lang='lat' dir='ltr'><strong>vetustissimo</strong></span> <span class='ocrx_word' id='word_1_271' title='bbox 847 3690 955 3752; x_wconf 85' lang='lat' dir='ltr'><strong>codice</strong></span> <span class='ocrx_word' id='word_1_272' title='bbox 983 3690 1147 3752; x_wconf 67' lang='grc' dir='ltr'><strong>Μυκονίου</strong></span> <span class='ocrx_word' id='word_1_273' title='bbox 1173 3697 1247 3773; x_wconf 90' lang='lat' dir='ltr'><strong>post</strong></span> <span class='ocrx_word' id='word_1_274' title='bbox 1272 3690 1453 3751; x_wconf 81' lang='grc' dir='ltr'>ἐπίστευσαν</span> <span class='ocrx_word' id='word_1_275' title='bbox 1477 3697 1631 3772; x_wconf 88' lang='lat' dir='ltr'><strong>punctum</strong></span> <span class='ocrx_word' id='word_1_276' title='bbox 1656 3691 1709 3751; x_wconf 86' lang='lat' dir='ltr'><strong>ad-</strong></span> 
     </span>
     <span class='ocr_line' id='line_1_33' title="bbox 607 3791 1705 3875; baseline 0 -21"><span class='ocrx_word' id='word_1_277' title='bbox 607 3791 823 3874; x_wconf 87' lang='lat' dir='ltr'><strong>scriptumest</strong></span> <span class='ocrx_word' id='word_1_278' title='bbox 839 3791 879 3853; x_wconf 88' lang='lat' dir='ltr'><strong>ad</strong></span> <span class='ocrx_word' id='word_1_279' title='bbox 897 3793 991 3875; x_wconf 86' lang='lat' dir='ltr'><strong>pedes</strong></span> <span class='ocrx_word' id='word_1_280' title='bbox 1007 3792 1119 3868; x_wconf 85' lang='lat' dir='ltr'><strong>literae,</strong></span> <span class='ocrx_word' id='word_1_281' title='bbox 1137 3793 1221 3874; x_wconf 90' lang='lat' dir='ltr'><strong>quod</strong></span> <span class='ocrx_word' id='word_1_282' title='bbox 1236 3792 1365 3873; x_wconf 82' lang='lat' dir='ltr'><strong>virgulae</strong></span> <span class='ocrx_word' id='word_1_283' title='bbox 1380 3800 1498 3853; x_wconf 86' lang='lat' dir='ltr'><strong>nostrae</strong></span> <span class='ocrx_word' id='word_1_284' title='bbox 1514 3793 1705 3874; x_wconf 76' lang='lat' dir='ltr'><strong>respondet:</strong></span> 
     </span>
     <span class='ocr_line' id='line_1_34' title="bbox 607 3892 1708 3976; baseline -0.001 -20"><span class='ocrx_word' id='word_1_285' title='bbox 607 3901 641 3957; x_wconf 87' lang='lat' dir='ltr'><strong>et</strong></span> <span class='ocrx_word' id='word_1_286' title='bbox 657 3895 768 3956; x_wconf 84' lang='lat' dir='ltr'><strong>Graece</strong></span> <span class='ocrx_word' id='word_1_287' title='bbox 788 3892 914 3976; x_wconf 85' lang='lat' dir='ltr'><strong>quidem</strong></span> <span class='ocrx_word' id='word_1_288' title='bbox 930 3902 1062 3955; x_wconf 86' lang='lat' dir='ltr'><strong>vocatur</strong></span> <span class='ocrx_word' id='word_1_289' title='bbox 1083 3894 1258 3972; x_wconf 79' lang='grc' dir='ltr'>ὑποστιγμὴ,</span> <span class='ocrx_word' id='word_1_290' title='bbox 1276 3915 1296 3954; x_wconf 91' lang='lat' dir='ltr'><strong>a</strong></span> <span class='ocrx_word' id='word_1_291' title='bbox 1312 3892 1434 3955; x_wconf 83' lang='lat' dir='ltr'><strong>Latinis</strong></span> <span class='ocrx_word' id='word_1_292' title='bbox 1456 3901 1564 3954; x_wconf 85' lang='lat' dir='ltr'><strong>autern</strong></span> <span class='ocrx_word' id='word_1_293' title='bbox 1588 3894 1708 3955; x_wconf 84' lang='lat' dir='ltr'><strong>subdis-</strong></span> 
     </span>
     <span class='ocr_line' id='line_1_35' title="bbox 607 3994 1707 4076; baseline 0.001 -19"><span class='ocrx_word' id='word_1_294' title='bbox 607 3996 730 4058; x_wconf 89' lang='lat' dir='ltr'><strong>tinctio.</strong></span> <span class='ocrx_word' id='word_1_295' title='bbox 757 3997 780 4055; x_wconf 92' lang='lat' dir='ltr'>V</span> <span class='ocrx_word' id='word_1_296' title='bbox 784 4019 913 4057; x_wconf 71' lang='lat' dir='ltr'><strong>asserus.</strong></span> <span class='ocrx_word' id='word_1_297' title='bbox 949 3998 1037 4057; x_wconf 90' lang='lat' dir='ltr'><strong>Ante</strong></span> <span class='ocrx_word' id='word_1_298' title='bbox 1056 3996 1238 4056; x_wconf 77' lang='grc' dir='ltr'>ἐπίστευσαν</span> <span class='ocrx_word' id='word_1_299' title='bbox 1254 3994 1410 4076; x_wconf 87' lang='lat' dir='ltr'><strong>particula</strong></span> <span class='ocrx_word' id='word_1_300' title='bbox 1426 3996 1473 4056; x_wconf 83' lang='grc' dir='ltr'>καὶ</span> <span class='ocrx_word' id='word_1_301' title='bbox 1492 3995 1585 4057; x_wconf 82' lang='lat' dir='ltr'><strong>abest</strong></span> <span class='ocrx_word' id='word_1_302' title='bbox 1599 4018 1620 4058; x_wconf 87' lang='lat' dir='ltr'><strong>a</strong></span> <span class='ocrx_word' id='word_1_303' title='bbox 1635 3996 1707 4058; x_wconf 83' lang='lat' dir='ltr'><strong>MS.</strong></span> 
     </span>
     <span class='ocr_line' id='line_1_36' title="bbox 607 4096 1070 4180; baseline -0.004 -21"><span class='ocrx_word' id='word_1_304' title='bbox 607 4097 745 4179; x_wconf 78' lang='lat' dir='ltr'><strong>Ncrfclr.</strong></span> <span class='ocrx_word' id='word_1_305' title='bbox 762 4118 799 4157; x_wconf 83' lang='lat' dir='ltr'><strong>ac</strong></span> <span class='ocrx_word' id='word_1_306' title='bbox 818 4098 941 4180; x_wconf 70' lang='lat' dir='ltr'><strong>Georpio</strong></span> <span class='ocrx_word' id='word_1_307' title='bbox 957 4096 1070 4178; x_wconf 70' lang='lat' dir='ltr'><strong>Syncel.</strong></span> 
     </span>
    </p>

    <p class='ocr_par' dir='ltr' id='par_1_8' title="bbox 607 4197 1707 4485">
     <span class='ocr_line' id='line_1_37' title="bbox 653 4197 1705 4281; baseline -0.002 -21"><span class='ocrx_word' id='word_1_308' title='bbox 653 4200 732 4261; x_wconf 87' lang='lat' dir='ltr'><strong>ibid.</strong></span> <span class='ocrx_word' id='word_1_309' title='bbox 751 4198 772 4260; x_wconf 95' lang='lat' dir='ltr'><strong>l.</strong></span> <span class='ocrx_word' id='word_1_310' title='bbox 796 4218 840 4281; x_wconf 83' lang='lat'><strong>17.</strong></span> <span class='ocrx_word' id='word_1_311' title='bbox 865 4203 906 4264; x_wconf 75' lang='grc' dir='ltr'><strong>εἰς</strong></span> <span class='ocrx_word' id='word_1_312' title='bbox 926 4198 1059 4281; x_wconf 84' lang='grc' dir='ltr'>Ἰησοῦν]</span> <span class='ocrx_word' id='word_1_313' title='bbox 1085 4197 1199 4261; x_wconf 89' lang='lat' dir='ltr'><strong>Posuit</strong></span> <span class='ocrx_word' id='word_1_314' title='bbox 1216 4197 1384 4261; x_wconf 85' lang='lat' dir='ltr'><strong>articulum</strong></span> <span class='ocrx_word' id='word_1_315' title='bbox 1400 4205 1476 4260; x_wconf 91' lang='lat' dir='ltr'><strong>ante</strong></span> <span class='ocrx_word' id='word_1_316' title='bbox 1497 4197 1616 4276; x_wconf 82' lang='grc' dir='ltr'>Ἰησοῦν</span> <span class='ocrx_word' id='word_1_317' title='bbox 1632 4200 1705 4261; x_wconf 78' lang='lat' dir='ltr'><strong>MS.</strong></span> 
     </span>
     <span class='ocr_line' id='line_1_38' title="bbox 607 4301 1707 4364; baseline 0.001 -2"><span class='ocrx_word' id='word_1_318' title='bbox 607 4301 697 4363; x_wconf 81' lang='lat' dir='ltr'><strong>Bodl.</strong></span> <span class='ocrx_word' id='word_1_319' title='bbox 721 4323 775 4363; x_wconf 87' lang='lat' dir='ltr'><strong>seu</strong></span> <span class='ocrx_word' id='word_1_320' title='bbox 798 4301 895 4363; x_wconf 77' lang='lat' dir='ltr'><strong>Scoil.</strong></span> <span class='ocrx_word' id='word_1_321' title='bbox 919 4302 966 4363; x_wconf 91' lang='lat' dir='ltr'><strong>cui</strong></span> <span class='ocrx_word' id='word_1_322' title='bbox 991 4323 1074 4363; x_wconf 86' lang='lat' dir='ltr'><strong>nunc</strong></span> <span class='ocrx_word' id='word_1_323' title='bbox 1099 4303 1261 4363; x_wconf 89' lang='lat' dir='ltr'><strong>Burtonus</strong></span> <span class='ocrx_word' id='word_1_324' title='bbox 1282 4301 1374 4364; x_wconf 88' lang='lat' dir='ltr'><strong>addit</strong></span> <span class='ocrx_word' id='word_1_325' title='bbox 1396 4301 1481 4363; x_wconf 80' lang='lat' dir='ltr'><strong>codd.</strong></span> <span class='ocrx_word' id='word_1_326' title='bbox 1507 4302 1596 4364; x_wconf 65' lang='lat' dir='ltr'><strong>Mus.</strong></span> <span class='ocrx_word' id='word_1_327' title='bbox 1621 4301 1707 4364; x_wconf 81' lang='lat' dir='ltr'><strong>Med.</strong></span> 
     </span>
     <span class='ocr_line' id='line_1_39' title="bbox 607 4403 872 4485; baseline -0.011 -18"><span class='ocrx_word' id='word_1_328' title='bbox 607 4404 716 4467; x_wconf 70' lang='lat' dir='ltr'><strong>Feret.</strong></span> <span class='ocrx_word' id='word_1_329' title='bbox 735 4403 872 4485; x_wconf 80' lang='lat' dir='ltr'><strong>Norsolc.</strong></span> 
     </span>
    </p>

    <p class='ocr_par' dir='ltr' id='par_1_9' title="bbox 654 4503 1708 4589">
     <span class='ocr_line' id='line_1_40' title="bbox 654 4503 1708 4589; baseline 0.001 -24"><span class='ocrx_word' id='word_1_330' title='bbox 654 4505 689 4566; x_wconf 90' lang='lat' dir='ltr'><strong>P.</strong></span> <span class='ocrx_word' id='word_1_331' title='bbox 708 4523 778 4566; x_wconf 81' lang='lat'><strong>210.</strong></span> <span class='ocrx_word' id='word_1_332' title='bbox 801 4504 823 4566; x_wconf 92' lang='lat' dir='ltr'><strong>l.</strong></span> <span class='ocrx_word' id='word_1_333' title='bbox 839 4527 870 4581; x_wconf 88' lang='lat'><strong>4.</strong></span> <span class='ocrx_word' id='word_1_334' title='bbox 897 4506 942 4565; x_wconf 83' lang='grc' dir='ltr'><strong>ὅτι</strong></span> <span class='ocrx_word' id='word_1_335' title='bbox 965 4509 1076 4568; x_wconf 78' lang='grc' dir='ltr'>δίκαιος</span> <span class='ocrx_word' id='word_1_336' title='bbox 1101 4503 1141 4587; x_wconf 81' lang='grc' dir='ltr'><strong>εἶ]</strong></span> <span class='ocrx_word' id='word_1_337' title='bbox 1166 4503 1326 4566; x_wconf 89' lang='lat' dir='ltr'><strong>Similibus</strong></span> <span class='ocrx_word' id='word_1_338' title='bbox 1351 4504 1454 4567; x_wconf 88' lang='lat' dir='ltr'><strong>verbis</strong></span> <span class='ocrx_word' id='word_1_339' title='bbox 1480 4505 1708 4589; x_wconf 79' lang='lat' dir='ltr'><strong>aggrediuntur</strong></span> 
     </span>
    </p>
   </div>
   <div class='ocr_carea' id='block_1_5' title="bbox 0 0 2184 5150">
    <p class='ocr_par' dir='ltr' id='par_1_10' title="bbox 0 0 2184 5150">
     <span class='ocr_line' id='line_1_41' title="bbox 0 0 2184 5150; baseline 0 0"><span class='ocrx_word' id='word_1_340' title='bbox 0 0 2184 5150; x_wconf 95' lang='lat' dir='ltr'><strong> </strong></span> 
     </span>
    </p>
   </div>
  </div>
 </body>
</html>
