4359 5150
587 462 652 524 rur
910 460 1160 541 nanuum
1187 462 1363 527 sncnAE.

586 632 883 733 μαρτυρουμένων
914 631 983 709 rino
1020 633 1212 732 8Ἱερεμίου
1245 638 1310 711 τοῦ
1336 631 1538 739 προφήτου,
1570 631 1693 734 &page

587 764 716 865 λε’γων·
758 765 974 861 Παύσασθε,
1003 767 1042 844 τί
1069 773 1210 845 ποιεῖτε·
1248 768 1387 870 εὔχεται
1421 765 1509 868 ὑπὲρ
1540 768 1640 864 ὑμῶν
1672 767 1692 843 ὁ

588 898 745 981 Δίκαιος.
773 903 833 977 καὶ
850 898 978 995 λαβών
996 933 1049 981 τις
1068 902 1128 979 ὅστ’
1151 901 1277 995 αὑτοῖν,
1295 898 1344 984 εἷς
1360 905 1432 979 τῶν
1455 899 1631 1004 κναφέων,
1649 896 1694 976 τὸ

587 1030 701 1137 ξύλον
719 1035 757 1110 ἐν
774 1029 807 1138 ᾧ
821 1032 982 1135 ἀτεπίεζε
1000 1031 1048 1111 τὰ
1065 1032 1197 1131 ἱμάτια,
1210 1034 1336 1134 ἤνεγκε
1351 1030 1444 1111 κατὰ
1456 1035 1520 1130 τῆς
1530 1036 1694 1136 κεφαλῆς

586 1171 653 1245 τοῦ
676 1168 822 1245 δικαίου.
853 1170 911 1245 καὶ
939 1170 1051 1251 οὕτως
1077 1167 1310 1269 ἐμαρτύρησε·
1340 1168 1398 1244 καί
1421 1167 1566 1269 ἔθαψαν
1583 1164 1719 1251 airuns

587 1301 645 1379 ἐπὶ
663 1306 716 1407 τῷ
732 1298 834 1407 τύπῳ
850 1300 950 1403 παρὰ
967 1307 1019 1406 τῷ
1039 1306 1123 1407 ναῷ,
1142 1305 1201 1379 καὶ
1218 1300 1270 1379 ἔτι
1288 1301 1397 1379 αὐτοῦ
1415 1300 1439 1397 ἡ
1456 1296 1580 1397 στήλη
1596 1298 1694 1396 με’νει
1714 1376 1717 1379 ,

586 1430 686 1535 παρὰ
712 1438 765 1539 τῷ
792 1440 875 1540 ναῷ.
903 1433 1039 1536 μάρτυς
1064 1434 1167 1518 οὗτος
1192 1431 1331 1532 ἀληθὴς
1354 1433 1538 1513 Ἰουδαίοις
1564 1465 1605 1510 τε
1631 1434 1693 1510 καὶ

580 1563 748 1665 Ἕλλησι
775 1565 999 1667 γεγείογται,11
1025 1565 1081 1645 im
1101 1569 1245 1666 Ἰησοῦς
1272 1567 1293 1643 ὁ
1320 1564 1482 1667 Χριστός
1509 1567 1600 1643 ἐστι.
1631 1566 1693 1642 καὶ

587 1696 690 1783 εὐθὺς
707 1698 988 1783 Οὐεσπασιανὸς
1005 1706 1193 1803 πολιορκεῖ
1211 1698 1348 1782 αὐτούς.
1390 1715 1463 1772 Hac
1477 1712 1579 1772 attulit
1594 1714 1693 1772 Euse-

588 1834 654 1894 bius
668 1834 721 1893 lib.
729 1835 759 1892 ii.
776 1834 852 1893 Hist.
867 1854 891 1893 c.
903 1854 951 1908 23·
1704 1848 1741 1886 ιο

588 2045 701 2104 chabim
723 2046 773 2122 qui
796 2046 953 2106 Hieremiae
975 2046 1114 2122 suffragio
1165 2045 1239 2109 loco,
1270 2054 1425 2121 manetque
1457 2044 1552 2102 adhuc
1586 2044 1693 2122 cippus

588 2124 782 2184 commendati
793 2136 872 2194 sunt,
881 2136 1111 2185 contentuvoce:
1164 2124 1243 2181 illius
1283 2143 1374 2201 prope
1416 2121 1568 2198 templum.
1633 2124 1692 2181 Hic

589 2205 716 2273 Parcite,
747 2205 855 2281 inquit,
886 2205 957 2281 quid
993 2203 1111 2262 fucitis?
1163 2203 1292 2261 Jacobus
1305 2213 1370 2260 tum
1383 2202 1497 2261 Judaeis
1507 2214 1571 2260 tum
1582 2203 1692 2261 Graecis

588 2283 695 2343 Juatua
726 2295 790 2342 orat
818 2304 872 2362 pro
899 2286 988 2343 vobis.
1030 2283 1111 2341 Inte·
1163 2281 1293 2358 locuples
1309 2282 1368 2339 fuit
1384 2282 1479 2351 testis,
1496 2281 1600 2340 Jesum
1623 2302 1691 2340 vere

588 2365 643 2421 rim
666 2383 742 2421 unua
765 2383 801 2422 ex
826 2363 872 2430 iia,
894 2363 970 2422 fullo
997 2373 1114 2441 arrepto
1165 2361 1313 2420 Christum
1342 2361 1444 2420 fusse.
1498 2361 1566 2419 Noc
1596 2361 1739 2453 multo,5

588 2442 668 2501 fuste
712 2463 770 2519 quo
813 2453 909 2501 vestes
951 2444 1113 2522 exprimere
1165 2453 1231 2519 post
1253 2440 1366 2499 obsidio
1387 2441 1569 2519 Vespasiani,
1584 2453 1614 2498 et
1634 2440 1690 2497 Ju-

588 2522 709 2591 solebat,
737 2535 825 2602 cuput
851 2521 933 2582 Justi
960 2522 1113 2603 percussit.
1164 2520 1292 2579 deorum
1335 2520 1491 2599 captivitas
1535 2520 1692 2580 subsecuta

589 2601 691 2678 Atque
711 2603 753 2660 ita
771 2603 849 2662 felici
870 2604 1009 2682 martyrio
1023 2603 1113 2660 vitam
1164 2611 1217 2658 est.

590 2681 673 2741 finiit.
718 2682 859 2762 Sepultus
887 2695 931 2741 est
956 2682 1057 2741 eodem
1082 2681 1112 2737 in

956 2921 1326 2955 .-.-....-.

690 3107 744 3169 Eu
758 3107 870 3168 incerto
885 3104 971 3180 libro,
985 3105 1180 3187 sudfortousc
1193 3103 1309 3179 uitiato,
1326 3104 1455 3186 φυκίον
1470 3105 1591 3190 Operis.
1705 3135 1741 3170 20

661 3254 713 3308 DE
734 3254 848 3308 JUDAE
871 3252 1088 3307 NEPOTIBUS
1112 3252 1216 3306 APUD
1240 3252 1498 3307 DOMITIANUM
1523 3253 1619 3308 REIS.

619 3383 706 3462 Ἔτι
718 3383 754 3461 δὲ
770 3387 947 3486 περιῆσαν
962 3388 994 3460 οῖ
1006 3381 1077 3460 ἀπὸ
1089 3384 1211 3482 γε’νους
1223 3390 1286 3461 τοῦ
1296 3385 1429 3484 Κυρίου
1443 3384 1692 3479 υἱωνοὶΊούδα,

590 3526 654 3597 τοῦ
670 3517 761 3596 κατὰ
775 3516 896 3618 σάρκα
911 3516 1105 3616 λεγομένου
1124 3520 1232 3596 αὐτοῦ
1251 3522 1421 3622 ἀδελφοῦ,
1436 3515 1498 3599 οὓς
1515 3520 1688 3615 ε’δηλατὸ·

589 3687 733 3754 ρευσαν,
750 3656 798 3733 ὡς
817 3655 854 3729 ἐκ
868 3653 989 3750 γένους
1004 3650 1108 3734 ὄντας
1123 3655 1254 3748 Δαβίδ.
1274 3652 1419 3735 τούτους
1434 3655 1463 3730 ὅ
1477 3654 1496 3728 ὁ
1512 3650 1693 3735 ίουόκατος

590 3786 703 3887 ἤγαγε
737 3782 827 3884 πρὸς
855 3783 1077 3881 Δομετιανὸν
1112 3787 1293 3886 Καίσαρα·
1335 3789 1500 3890 ἐφοβεῖτο
1528 3784 1600 3888 γὰρ
1629 3784 1719 3884 τὴνι
1724 3828 1740 3886 5

632 4050 687 4108 His
702 4047 882 4124 temporibus
899 4046 993 4103 adhuc
1015 4067 1117 4123 super·
1168 4047 1277 4104 Christi
1294 4047 1458 4103 vocabatur.
1503 4045 1567 4102 Hos
1587 4066 1604 4102 a
1621 4066 1692 4103 non-

591 4139 673 4187 erunt
712 4126 828 4204 quidum
868 4145 905 4182 ex
944 4127 1117 4199 cognatione
1168 4125 1256 4181 nullis
1288 4125 1400 4183 delatos
1430 4124 1509 4200 quod
1544 4145 1582 4181 ex
1615 4125 1692 4201 regia

591 4208 712 4273 Christi¹
756 4216 877 4283 nepotes
917 4205 1001 4261 Judae
1038 4204 1117 4262 illius
1169 4204 1291 4262 Davidis
1313 4205 1403 4282 stirpe
1428 4204 1562 4281 prognati
1585 4217 1690 4267 essent,

591 4289 640 4364 qui
676 4285 835 4346 secundum
877 4304 990 4341 carnem
1028 4286 1117 4342 frater
1169 4283 1317 4341 Evocatus
1341 4284 1378 4341 ad
1401 4283 1604 4340 Domitianum
1628 4283 1690 4339 Cac-

791 4505 868 4552 tJar.
883 4520 933 4565 cap.
943 4504 1002 4551 xliii.
1306 4504 1319 4542 h
1333 4504 1389 4553 Act.
1401 4518 1442 4549 nx.
1457 4517 1494 4551 αι.
