4359 5150
596 449 661 511 sos
928 444 1170 527 nummum
1193 444 1366 510 sucum.

596 605 725 688 λοιπὸν
753 611 801 692 ὡς
826 607 1039 714 ἀνδροφόνοι
1064 611 1123 688 καὶ
1147 611 1266 709 μιαροὶ
1291 608 1505 710 κατείχοντο,
1523 607 1690 688 διπλότει

596 776 661 844 ρον
678 740 777 845 παρὰ
800 740 882 827 τοὺς
907 744 1055 828 λοιποὺς
1083 742 1324 847 κολαζόμενοι.
1353 742 1504 825 ἐκείνους
1529 740 1596 841 μὲν
1624 739 1693 844 γὰρ

596 876 821 983 ἐπεκούφιζεν
847 879 869 975 ἡ
900 877 996 983 χαρὰ
1023 884 1087 978 τῆς
1120 878 1322 980 μαρτυρίας·
1352 881 1410 957 καὶ
1440 877 1462 975 ἡ
1494 879 1598 962 ἐλπὶς
1623 883 1693 956 τῶν

596 1012 883 1113 ἐπηγγελμένων·
914 1017 971 1092 καὶ
989 1014 1011 1111 ἡ
1029 1010 1120 1116 πρὸς
1141 1010 1204 1091 τὸν
1229 1008 1392 1115 Χριστὸν
1418 1009 1552 1111 ἀγάπη,
1570 1014 1630 1090 καὶ
1653 1011 1693 1090 τὸ

596 1156 736 1246 πνεῦμα
760 1147 802 1227 τὸ
829 1146 1013 1251 πατρικόν.
1044 1148 1189 1230 τούτους
1214 1145 1251 1225 δὲ
1276 1143 1318 1224 τὸ
1345 1143 1506 1229 συνειδὸς
1528 1143 1717 1247 μεγάλως5

597 1284 808 1383 ἐτιμωρεῖτο·
853 1281 948 1362 ὥστε
978 1287 1036 1362 καὶ
1062 1280 1162 1382 παρὰ
1189 1288 1262 1363 τοῖς
1289 1287 1428 1363 λοιποῖς
1456 1276 1573 1360 ἅπασι
1606 1278 1695 1359 κατὰ

596 1415 661 1499 τὰς
679 1416 867 1519 παρόδους,
887 1418 1075 1517 διαδηλους
1094 1414 1158 1498 τὰς
1183 1414 1287 1520 ὄφεις
1312 1416 1429 1494 αὐτῶν
1447 1412 1546 1495 εἶναι.
1577 1421 1611 1494 οὶ
1631 1414 1694 1514 μὲν

599 1548 668 1650 γὰρ
697 1554 814 1654 ἱλαροὶ
841 1552 1037 1655 προῄεσαν,
1059 1551 1167 1657 δόξης
1195 1554 1252 1630 καὶ
1279 1549 1422 1656 χάριτος
1448 1555 1593 1650 πολλῆς
1620 1559 1695 1636 ταῖς

506 1774 509 1777 Α
598 1685 732 1791 ὄφεσιν
750 1690 867 1767 αι’σῶν
885 1688 1185 1792 συγκεκραμένης·
1216 1685 1310 1765 ὥστε
1330 1686 1451 1765 καὶτὰ
1473 1685 1591 1785 δεσμὰ
1610 1684 1694 1766 κόσ-

598 1857 667 1919 μου
694 1826 850 1927 εὐπρεπῆ
877 1832 1099 1927 περικεῖσθαι
1126 1827 1253 1921 αι’σοῖς,
1278 1821 1335 1906 his
1363 1821 1485 1927 νύμφη
1512 1855 1690 1922 κεκοσμη-
1704 1861 1735 1900 10

597 1960 686 2063 με’νη
709 1964 747 2039 ἐν
774 1969 997 2073 κροσσωτοῖς
1023 1968 1172 2065 χρυσοῖς
1197 1957 1488 2055 πεποικιλμένοις·
1518 1956 1609 2057 ΙΠτὴν
1635 1958 1691 2037 εὖ·

599 2095 707 2173 ωδίαν
737 2093 908 2179 ὀδωδότες
935 2094 1010 2194 ἅμα
1037 2094 1103 2194 τὴν
1130 2101 1306 2198 Χριστοῦ.
1335 2092 1430 2173 ὥστε
1456 2095 1567 2177 ἐνίους
1594 2093 1695 2200 δόξαι

599 2231 658 2307 καὶ
685 2227 786 2336 μόρῳ
815 2235 979 2336 κοσμικῲ
1008 2230 1197 2333 κεχρίσθαι
1224 2226 1360 2312 αι’ντοιίς.
1389 2233 1422 2306 οῖ
1449 2226 1497 2327 δὲ,
1526 2234 1695 2333 κατηφεῖς

599 2368 658 2443 καὶ
690 2368 847 2444 ταπεινοὶ
884 2368 942 2445 καὶ
975 2369 1156 2461 δυσειδεῖς,
1189 2367 1247 2443 καὶ
1282 2364 1405 2462 πιίσης
1437 2363 1695 2467 ἀσχημοσύνης

599 2499 782 2581 ἀνάπλεοι·
813 2499 1024 2604 προσέτιδέ
1048 2502 1106 2580 καὶ
1131 2497 1199 2580 ὑπὸ
1224 2505 1295 2579 τῶν
1320 2500 1432 2579 ἐθνῶν
1456 2496 1696 2601 ὀνειδιζόμενοι
1705 2530 1733 2592 15

600 2637 647 2717 ὡς
680 2638 834 2735 ἀγεννεῖς
864 2638 921 2714 καῖ
951 2634 1129 2737 ἄνανδροι·
1175 2632 1405 2739 ἀνδροφόνων
1437 2633 1502 2732 μέυ
1533 2634 1695 2735 ἔγκλημα

599 2772 749 2874 ἔχοντες,
769 2769 1038 2853 ἀπολωλεκότες
1057 2771 1094 2849 δέ
1113 2770 1177 2869 τὴν
1196 2769 1370 2866 πάντιμον
1390 2774 1446 2848 καὶ
1476 2770 1622 2875 ἔνδοξον
1641 2775 1695 2849 καὶ

600 2905 769 3005 ζωοποιὸν
788 2908 1043 3009 προσηγορίαν.
1072 2916 1184 2986 ταῦτα
1204 2907 1240 2985 δὲ
1267 2912 1299 2984 οὶ
1326 2910 1444 2985 λοιποὶ
1476 2913 1694 3009 θεωροῦντες,

600 3104 632 3139 ac
647 3083 796 3138 homicida
809 3094 837 3138 et
852 3083 981 3139 scelerati
992 3083 1123 3141 homines
1174 3086 1264 3142 instar
1279 3104 1389 3160 sponsae
1405 3083 1524 3140 fimbriis
1538 3086 1634 3142 aureis
1649 3106 1693 3142 va·

600 3163 1124 3240 deincepsdetinehantur,duplogra-
1175 3164 1292 3239 riegatis
1306 3175 1429 3221 ornatae:
1453 3164 1489 3220 ad
1508 3164 1569 3222 huc
1581 3186 1694 3223 suavem
1705 3182 1736 3220 20

602 3245 665 3300 vius
693 3263 777 3317 quum
812 3243 915 3318 reliqui
947 3245 1122 3322 supplicium
1175 3245 1283 3301 Christi
1301 3244 1417 3302 odorem
1438 3245 1591 3322 spirantes,
1606 3247 1647 3302 ita
1665 3261 1696 3303 ut

600 3325 788 3401 perferentes,
845 3324 915 3380 lllos
945 3326 1021 3381 enim
1052 3345 1123 3400 gau.
1174 3325 1306 3381 nonnulli
1334 3335 1449 3382 terreno
1473 3346 1522 3383 eos
1547 3339 1696 3403 unguento

600 3404 680 3460 dium
696 3405 835 3480 martyrii,
856 3426 978 3482 spesque
1001 3406 1123 3481 promis·
1175 3405 1318 3462 delibutos
1332 3416 1476 3482 putarent.
1508 3406 1550 3462 Hi
1565 3427 1633 3463 vero
1648 3408 1694 3465 de·

600 3505 638 3540 sae
659 3485 857 3548 beatitudiuis,
877 3497 906 3542 et
931 3487 1034 3543 caritas
1056 3506 1124 3560 erga
1175 3486 1261 3542 misso
1283 3485 1377 3551 vultu,
1397 3487 1501 3560 abjecti
1524 3497 1554 3544 et
1576 3488 1696 3562 squalidi

601 3565 760 3628 Christum,
777 3576 807 3621 et
819 3566 874 3621 Dei
889 3567 984 3624 Patris
996 3566 1124 3643 Spiritus
1174 3587 1206 3622 ac
1221 3566 1339 3634 sordidi,
1353 3567 1490 3642 omnique
1505 3568 1696 3626 deformitatis
1706 3580 1735 3642 25

599 3646 755 3701 recreabat.
813 3647 875 3701 Hos
904 3668 971 3704 vero
998 3646 1124 3722 graviter
1174 3667 1279 3722 genere
1301 3647 1445 3723 cooperti:
1469 3650 1504 3705 ab
1524 3649 1595 3725 ipsis
1614 3650 1694 3723 quin-

600 3726 754 3799 torquebat
789 3727 981 3784 conscientia:
1019 3728 1059 3783 ita
1091 3737 1124 3781 ut
1175 3728 1261 3783 etiam
1285 3727 1451 3784 Gentilibus
1473 3730 1578 3805 probro
1603 3730 1695 3787 affecti

601 3804 670 3861 dum
696 3805 926 3872 traducerentur,
952 3808 1014 3884 ipso
1039 3806 1124 3862 vultu
1176 3817 1279 3884 utpote
1294 3808 1388 3883 ignavi
1399 3820 1485 3882 atque
1496 3809 1637 3877 imbelles
1648 3811 1694 3885 qui

601 3896 688 3960 atque
713 3886 851 3962 adspectu
874 3888 958 3945 facile
981 3888 1123 3945 discerne·
1176 3888 1382 3946 homicidarum
1406 3889 1524 3964 quidem
1550 3890 1604 3947 sihi
1626 3892 1693 3967 ipsis

602 3978 702 4021 rentur
730 3987 746 4021 a
775 3967 886 4024 ceteris.
934 3970 1052 4046 Quippe
1082 3966 1124 4023 illi
1175 3970 1281 4025 crimen
1302 3970 1516 4045 imposuissent.
1536 3971 1695 4027 Christian.
1704 3989 1735 4045 30

601 4045 718 4119 quidem
741 4046 845 4103 hilares
864 4049 1046 4116 accedebant,
1063 4069 1123 4105 ma·
1175 4070 1257 4105 orum
1273 4061 1369 4106 autem
1382 4049 1579 4107 venerandum
1595 4063 1624 4108 et
1635 4052 1694 4128 glo·

598 4125 732 4198 jestntem
751 4129 893 4202 quandam
914 4130 1057 4186 venustati
1079 4131 1122 4185 in-
1176 4130 1282 4186 riosum
1301 4151 1333 4186 ac
1352 4131 1477 4187 salutare
1498 4150 1603 4189 nomen
1626 4132 1694 4188 ami-

602 4207 766 4263 ternrixtam
780 4209 1121 4286 vultibusprarferentes;
1175 4210 1288 4267 sissent.
1332 4211 1405 4280 Quae
1424 4231 1489 4267 cum
1509 4213 1598 4268 ceteri
1618 4211 1695 4268 vide-

602 4286 673 4342 adeo
689 4299 721 4343 ut
736 4289 850 4346 vincula
862 4291 1036 4368 praecipuum
1053 4292 1123 4367 ipsis
1174 4302 1249 4353 rent,
1261 4311 1434 4368 magnopere
1445 4292 1694 4350 confirmabantur.

602 4377 735 4423 ornatum
767 4370 910 4427 addidisse
944 4372 1121 4435 viderentur,
1176 4372 1217 4428 Et
1232 4373 1255 4427 si
1270 4392 1355 4447 quem
1375 4383 1475 4449 postea
1493 4372 1732 4450 comprehendi35

834 4516 840 4552 l
863 4516 899 4561 Ps.
913 4515 968 4561 xliv.
986 4531 1020 4574 ¹4·
1294 4527 1316 4553 ¹¹1
1335 4531 1347 4561 ι
1362 4516 1415 4562 Cor.
1433 4531 1468 4575 ¹5·
