4359 5150
621 440 664 501 40
991 436 1344 503 ANNOTATIONES

619 603 695 667 aliis
723 625 795 688 qma
821 624 918 687 supro
939 605 1100 688 posuimus
1126 626 1186 668 ooo
1213 604 1278 667 sine
1306 623 1398 667 come
1425 596 1631 680 (necessario.
1661 595 1721 658 vid.

620 712 731 769 notam
746 706 857 791 supra)
871 727 893 768 e
907 704 990 768 nolis
1003 704 1157 769 observata
1171 704 1240 769 sint.
1274 702 1435 768 (laterum
1449 698 1562 785 quanti
1576 697 1721 762 facienda

621 806 686 869 sint
709 806 853 890 Papiana
878 806 967 869 istaec
991 806 1186 882 testimonia,
1206 826 1300 869 nemo
1321 825 1385 868 non
1406 802 1504 879 videt,
1526 800 1590 864 nisi
1612 798 1668 884 qui
1690 798 1721 861 in

621 907 755 970 historia
774 906 904 971 canonis
924 907 1005 970 Novi
1023 906 1222 971 Testamenti
1245 906 1338 991 plane
1361 905 1477 989 hospes
1496 910 1557 967 est.
1603 900 1721 985 Papias

620 1009 714 1087 enim,
724 1009 809 1093 quod
824 1030 887 1071 non
902 1016 1030 1072 tantum
1045 1010 1196 1086 Irenaeus,
1209 1008 1265 1071 sed
1280 1008 1348 1093 ipse
1363 1028 1489 1091 quoque
1502 1004 1624 1089 Papias
1638 1008 1721 1067 teste

622 1111 762 1175 Eusebio
785 1112 825 1175 de
849 1132 883 1174 se
907 1110 1052 1184 tradidit,
1067 1110 1206 1174 loannis
1228 1109 1406 1195 presbyteri
1427 1129 1466 1171 ac
1489 1104 1636 1191 discipuli
1658 1103 1720 1168 Do·

621 1212 698 1275 mini
721 1211 862 1290 αὐτήκοος
882 1212 952 1288 fuit,
968 1212 1105 1275 fortasse
1124 1210 1221 1275 etiam
1241 1208 1443 1293 evangelistae
1461 1206 1610 1279 loannis,
1626 1213 1721 1291 prout

622 1313 714 1377 multi
731 1321 854 1377 veteres
876 1320 1040 1397 exponunt
1057 1312 1272 1395 referuntque,
1289 1310 1441 1392 φοιτητῆς,
1457 1309 1504 1373 its
1525 1316 1564 1371 ut
1585 1308 1638 1372 bic
1659 1307 1721 1391 epi·

621 1435 737 1499 scopus
759 1414 791 1476 in
816 1413 893 1498 ipsis
915 1412 1015 1477 initiis
1041 1412 1147 1477 saeculi
1169 1418 1244 1496 post
1270 1410 1432 1475 Christum
1454 1416 1568 1473 natum
1593 1408 1721 1472 secundi

621 1514 764 1578 floruisse
800 1515 955 1578 videatur.
1015 1514 1055 1577 Id
1095 1514 1180 1597 quod
1215 1512 1342 1577 aliunde
1381 1532 1506 1596 quoque
1541 1509 1719 1595 colligitur;

621 1637 692 1679 cum
718 1615 866 1678 nimirum
892 1622 1041 1699 oporteat
1063 1623 1192 1679 sanctas
1216 1615 1287 1678 illas
1308 1613 1465 1689 mulieres,
1489 1611 1606 1695 quibus
1627 1619 1722 1676 notus

620 1716 682 1780 fuit
712 1738 751 1780 ex
781 1716 894 1780 eadem
923 1716 1053 1780 civitate
1080 1716 1210 1801 Papias,
1237 1716 1303 1779 sive
1332 1715 1404 1779 filiae
1433 1714 1552 1777 fuerint
1583 1713 1721 1798 Philippi

621 1816 767 1901 apostoli,
789 1840 845 1881 seu
868 1818 1063 1903 cognominis
1085 1818 1299 1902 evangelista,
1313 1817 1346 1880 in
1368 1816 1491 1881 senium
1510 1814 1659 1900 vergisse,
1675 1815 1722 1880 vel

621 1917 729 2002 potius
739 1918 808 2002 jam
822 1941 914 1983 senes
933 1919 1041 1998 fuisse,
1056 1919 1155 1983 etiam
1174 1927 1251 1982 ante
1271 1918 1420 1982 soeculum
1440 1917 1579 2001 primum
1599 1917 1723 1981 conclu·

622 2041 717 2093 sum;
750 2043 813 2084 non
840 2028 947 2106 potest
972 2022 1050 2100 fieri,
1074 2022 1152 2106 quin
1182 2022 1297 2087 saltem
1326 2021 1403 2106 ipsis
1431 2018 1532 2083 initiis
1560 2019 1723 2104 sequentis

621 2122 730 2186 saeculi
743 2123 871 2207 Papias,
884 2124 938 2207 qui
950 2123 989 2186 iis
1002 2130 1099 2187 notus
1109 2132 1189 2198 erat,
1199 2122 1403 2187 adnumerari
1414 2123 1541 2186 debeat.
1565 2121 1600 2185 Is
1614 2128 1723 2186 autem

622 2245 662 2287 ex
684 2224 862 2309 presbyteri
887 2224 1025 2289 loannis
1049 2246 1105 2289 ore
1126 2225 1234 2302 refert,
1258 2227 1404 2289 Marcum
1427 2224 1624 2308 evangelium
1648 2223 1724 2288 illud

622 2325 794 2410 scripsisse,
822 2325 907 2410 quod
933 2326 1032 2410 ipsius
1058 2327 1168 2411 Papiae
1193 2328 1391 2413 temporibus
1415 2328 1444 2391 ei
1473 2326 1723 2391 attribuebatur.

623 2427 735 2511 Neque
750 2427 831 2491 alius
845 2448 985 2510 unquam
1000 2428 1163 2511 evangelii,
1176 2437 1296 2513 praeter
1308 2430 1341 2492 id
1352 2429 1437 2513 quod
1452 2428 1586 2492 ecclesia
1600 2450 1726 2513 semper

622 2529 753 2613 recepit,
768 2528 872 2592 Marci
887 2528 1014 2593 nomine
1029 2529 1204 2595 circumlati
1220 2530 1340 2595 mentio
1355 2530 1420 2595 ulla
1433 2530 1521 2594 iacta
1535 2536 1597 2594 est.
1621 2529 1726 2595 Porro

622 2631 806 2694 Mettloenm
821 2631 1017 2715 evangelium
1031 2632 1266 2716 conscripsisse,
1283 2633 1403 2717 Papias
1421 2632 1572 2696 affirmat.
1620 2633 1727 2696 Immo

623 2733 778 2811 αὑτολέξει
795 2734 950 2797 afferebat
965 2734 1013 2796 vir
1026 2743 1156 2798 sanctus
1171 2734 1203 2798 in
1222 2757 1316 2819 opere
1339 2757 1396 2798 suo
1411 2735 1550 2819 priorem
1569 2734 1727 2818 epietolem

622 2836 763 2910 loannis,
781 2836 974 2919 prioremque
997 2836 1098 2899 Petri.
1144 2837 1208 2900 His
1231 2838 1360 2922 insuper
1377 2836 1580 2920 Apoealypsis
1602 2835 1637 2898 rb
1662 2839 1728 2900 θεό-

623 2962 774 3000 πνευστον
803 2936 967 3021 agnovisse
1000 2936 1145 3020 Papiam,
1172 2945 1313 3001 testatur
1343 2938 1492 3001 Andreas
1521 2936 1728 3002 Caesariensis

623 3038 789 3122 episcopus
806 3037 1027 3101 Commentario
1041 3037 1073 3099 in
1089 3038 1224 3101 eundem
1242 3038 1357 3101 librum
1379 3060 1513 3115 sacrum,
1529 3038 1619 3121 cujus
1635 3039 1727 3119 ρἣιν

623 3161 697 3202 mox
718 3139 858 3212 videbis;
883 3139 956 3202 huic
975 3146 1084 3202 autem
1100 3139 1251 3216 Andreae,
1269 3161 1455 3223 quacunque
1478 3140 1605 3202 demum
1625 3147 1728 3204 aetate

623 3238 749 3315 vixerit,
766 3240 944 3323 Papianum
960 3261 1040 3323 opus
1058 3261 1125 3323 prae
1140 3239 1285 3302 manibus
1303 3239 1411 3315 fuisse,
1427 3240 1562 3303 tidenter
1579 3238 1726 3303 dixerim.

623 3341 664 3403 In
692 3342 888 3426 Fragmento
914 3341 999 3425 quod
1028 3348 1172 3424 superest
1202 3341 1242 3404 de
1268 3340 1388 3405 Ohristi
1414 3341 1568 3426 cognatis,
1592 3340 1729 3405 affertur

622 3443 811 3528 eeanpeliem
824 3444 965 3506 Joeenia.
999 3442 1156 3526 Denique,
1174 3451 1291 3506 utrem
1306 3442 1424 3519 finiam,
1440 3442 1596 3505 referente
1613 3443 1727 3526 Papia,

623 3553 681 3609 aut
701 3545 814 3608 saltem
839 3545 973 3620 Irenaeo,
997 3544 1029 3607 in
1051 3543 1139 3624 ῥήσει
1161 3552 1237 3607 ante
1259 3544 1358 3607 allata
1380 3565 1452 3627 pag.
1472 3564 1521 3607 10.
1544 3543 1728 3626 Presbyteri

623 3646 753 3729 quidam
772 3646 989 3730 apostolorum
1003 3644 1159 3728 discipuli,
1175 3645 1339 3729 oenopoliis
1353 3645 1498 3708 Mattloei
1517 3651 1615 3727 atque
1628 3644 1728 3708 Joca-

622 3748 680 3823 nis,
697 3755 740 3822 et,
761 3755 798 3811 ut
821 3746 955 3824 videtur,
976 3746 1179 3830 Apocalypsi,
1199 3745 1246 3808 usi
1269 3757 1365 3819 sunt;
1391 3746 1432 3809 ad
1452 3747 1528 3822 haec,
1546 3745 1630 3829 quod
1646 3745 1728 3809 veri·

623 3848 724 3911 simile
749 3854 809 3922 est,
825 3847 929 3910 locum
954 3868 993 3910 ex
1017 3852 1128 3930 priore
1153 3846 1278 3929 epistole
1297 3846 1398 3910 Peeli
1421 3846 1466 3909 ed
1487 3845 1659 3910 Corinthios
1683 3845 1730 3909 illi

622 3950 833 4014 adduxerunt.
880 3949 996 4013 Confer
1019 3955 1052 4011 et
1077 3949 1242 4011 Sauronun
1266 3950 1352 4032 apud
1373 3949 1531 4013 Irenaeum
1553 3947 1728 4031 Reliquias,

623 4072 703 4135 quas
727 4049 870 4134 proxime
893 4064 967 4134 post
990 4048 1091 4133 posui,
1108 4050 1161 4112 ubi
1177 4051 1328 4133 posterior
1350 4050 1394 4113 ed
1415 4049 1582 4113 Oorintlios
1602 4050 1732 4133 epistole

623 4159 657 4216 et
672 4151 730 4214 illo
744 4151 789 4214 ed
802 4152 953 4214 Romarm
973 4159 1140 4234 apparent.
1195 4150 1258 4214 Sed
1272 4154 1351 4214 Acte
1367 4151 1575 4235 Apostolorum
1588 4172 1609 4214 a
1624 4151 1732 4236 Papia

622 4253 656 4315 in
670 4273 765 4336 opere
780 4274 837 4314 suo
855 4258 1104 4315 commemorata
1118 4251 1223 4329 fuisse,
1240 4252 1273 4314 id
1289 4274 1347 4337 pro
1363 4259 1451 4316 certo
1466 4275 1530 4316 non
1545 4252 1731 4316 habendum

622 4361 682 4431 est,
695 4352 821 4417 etianni
832 4352 873 4416 de
883 4353 906 4415 J
909 4355 980 4417 udae
992 4354 1160 4417 traditoris
1174 4361 1288 4430 morte,
1300 4361 1399 4438 atque
1410 4354 1451 4418 de
1462 4354 1485 4416 J
1487 4362 1572 4430 usto,
1585 4354 1639 4439 qui
1654 4377 1731 4441 cog-

622 4453 804 4518 nominatus
819 4460 869 4517 est
884 4455 1052 4532 Barsabas,
1069 4456 1263 4520 mentionem
1273 4456 1321 4519 ibi
1337 4455 1457 4520 fecerit.
