4359 5150
857 1004 1442 1109 ANNOTATlONES

753 1291 816 1374 IN
850 1291 1201 1377 ARISTONEM
1233 1290 1553 1376 PELLAEUM.

993 1552 1321 1585 ψ

646 1758 683 1823 P.
695 1779 746 1843 95.
762 1757 782 1823 l.
793 1778 823 1840 9.
845 1761 985 1840 Λοιδορία
1006 1763 1101 1845 (deofl
1127 1759 1282 1844 Aquilam
1300 1765 1334 1823 et
1354 1757 1609 1823 Theodotionem
1631 1757 1701 1822 haeo

604 1862 716 1929 eodem
742 1861 837 1924 modo
866 1860 1050 1939 reddidisse,
1081 1882 1140 1925 neo
1166 1882 1229 1924 non
1258 1860 1418 1925 Ebionem
1448 1858 1707 1924 Haeresiaroham

604 1962 850 2048 interpretatum
879 1960 996 2026 fuisse:
1027 1964 1072 2027 ὅτι
1098 1966 1183 2045 ὕβρις
1207 1968 1289 2027 Θεοῦ
1314 1966 1330 2026 ὁ
1361 1961 1555 2043 κρεμάμενος,
1586 1960 1620 2024 id
1649 1967 1706 2036 est,

604 2066 678 2151 qaia
700 2063 820 2148 injuriis
841 2064 905 2127 Dei
927 2073 968 2127 est
988 2084 1157 2148 warren,
1181 2063 1396 2148 Hieronymus
1417 2063 1535 2127 ibidem
1557 2068 1707 2127 testatur.

606 2166 708 2251 Atqui
730 2166 799 2229 haeo
820 2165 918 2228 verba
941 2164 1113 2249 Papisoum
1134 2167 1157 2228 J
1159 2165 1249 2229 asoni
1271 2165 1424 2251 objecisse
1441 2164 1555 2249 oolligo
1577 2185 1618 2226 ex
1633 2163 1709 2228 Ter-

608 2266 732 2333 tulliani
757 2265 811 2329 lib.
836 2272 950 2330 eontra
975 2266 1110 2331 Judaeos
1135 2289 1205 2352 oap.
1237 2287 1284 2329 10.
1309 2267 1367 2330 sub
1393 2266 1483 2350 eujus
1509 2264 1636 2328 initium
1663 2263 1709 2328 ita

603 2369 737 2433 Judaeos
760 2368 955 2452 alloquitur:
987 2369 1038 2431 De
1064 2369 1147 2432 exilu
1164 2368 1261 2452 plone
1276 2368 1431 2452 pasione
1459 2368 1522 2451 ejas
1545 2365 1710 2451 omdipitis,

603 2479 741 2555 noyento
748 2470 920 2553 passionem
935 2469 1034 2533 nuris
1048 2470 1083 2533 in
1101 2470 1253 2533 Olrietnm
1267 2470 1484 2554 praednalam,
1500 2478 1528 2532 ot
1550 2489 1708 2553 aspersera-

605 2581 701 2636 matos
723 2570 848 2655 inerper
869 2592 927 2634 nm
946 2592 1005 2635 arse
1023 2570 1215 2648 eredendum,
1229 2580 1263 2634 at
1279 2569 1325 2635 ad
1339 2570 1377 2634 id
1389 2592 1482 2656 penas
1501 2570 1607 2634 raoni
1624 2591 1708 2654 sape

605 2674 698 2738 suerit
721 2674 804 2736 Deus
817 2672 924 2755 silium
947 2695 1043 2749 enam,
1068 2673 1149 2757 qaod
1171 2674 1234 2758 ipse
1262 2672 1368 2736 dieii:
1400 2672 1586 2736 Malodiotus
1616 2671 1710 2733 omnis

605 2775 698 2847 lenm,
714 2779 766 2858 qni
775 2775 919 2858 pqrondil
933 2775 967 2836 in
982 2775 1072 2858 lipno.
1120 2775 1220 2839 Sicuti
1240 2796 1313 2837 vero
1328 2773 1543 2837 Tertullianus
1564 2774 1605 2836 ad
1628 2772 1710 2835 hano

608 2876 818 2959 objectionem
841 2875 957 2938 ibidem
976 2877 1166 2960 respondet;
1198 2875 1356 2959 integrum
1378 2874 1619 2938 Deuteronomii
1642 2881 1710 2938 tex·

609 2983 688 3053 tum,
705 2998 742 3039 ao
760 2977 827 3049 hae
843 2998 968 3059 qnoque
990 2977 1149 3040 recitans:
1176 2975 1362 3038 Maledictus
1376 2996 1397 3037 o
1411 2975 1476 3037 Deo
1491 2983 1532 3036 est
1546 2975 1644 3037 omnis
1658 2974 1711 3058 qai

606 3099 763 3161 manemus
776 3078 880 3160 fuerit
902 3078 936 3139 in
959 3077 1047 3162 liqna,
1074 3079 1131 3139 dio.
1156 3077 1202 3141 ita
1223 3076 1247 3139 J
1249 3098 1378 3139 asonom
1401 3075 1484 3139 idem
1506 3076 1617 3139 fecisse
1641 3098 1711 3160 pro-

608 3180 712 3243 babile
735 3186 794 3242 est.
840 3179 926 3241 Dum
946 3185 1054 3241 autem
1079 3200 1175 3239 unam
1198 3187 1295 3260 atque
1313 3177 1448 3241 alteram
1471 3177 1615 3253 istarum,
1641 3198 1711 3261 quae

609 3303 649 3345 ex
678 3281 841 3343 Aristonis
870 3279 979 3342 Pellaei
1009 3278 1236 3362 Disputationo
1267 3285 1380 3342 eontra
1404 3279 1534 3342 Judaeos
1563 3277 1711 3363 allegatae

609 3388 693 3458 sunt,
710 3381 940 3445 sententiarum
962 3380 995 3442 in
1010 3380 1198 3443 Tertulliani
1218 3379 1299 3442 libro
1320 3387 1432 3443 contra
1447 3381 1470 3441 J
1473 3381 1581 3443 udaeos
1601 3381 1712 3463 dopre

609 3485 716 3562 hendi,
736 3483 921 3547 memoriam
942 3483 1039 3547 subiit
1057 3505 1126 3545 mos
1145 3483 1216 3545 Alri
1239 3483 1332 3566 hujus
1354 3483 1533 3568 Scriptoris,
1555 3491 1712 3567 perpetuo

609 3588 675 3652 fore
692 3589 832 3661 Veteres,
851 3584 903 3667 qui
919 3593 995 3648 anto
1011 3586 1114 3668 ipsum
1136 3584 1339 3667 scripserant,
1356 3584 1522 3648 imitantis.
1571 3584 1610 3645 Id
1627 3584 1713 3667 quod

609 3688 713 3753 velex
733 3687 801 3771 ipso
821 3686 874 3749 illo
897 3693 1009 3750 eontra
1023 3685 1156 3748 Judaeos
1175 3685 1255 3749 libro
1275 3693 1375 3770 patet,
1393 3686 1502 3770 inquo
1519 3684 1658 3769 plurima
1672 3707 1713 3749 ex

610 3789 733 3854 Justini
758 3787 913 3870 Martyris
935 3786 1069 3869 Dialogo
1093 3808 1163 3849 oum
1181 3787 1350 3871 Tryphone
1364 3787 1388 3850 J
1390 3788 1481 3850 udaeo
1499 3786 1711 3870 transcripsit.

613 3890 696 3972 Quid
712 3890 738 3953 si
759 3889 857 3972 igitur
872 3888 1023 3963 dieamus,
1039 3886 1155 3970 aliqua,
1173 3910 1243 3970 quae
1260 3889 1291 3950 iu
1307 3888 1444 3972 Dialogo
1459 3888 1522 3951 isto
1542 3908 1606 3949 non
1624 3910 1713 3971 repo-

611 3992 746 4065 riuntur,
767 4011 805 4052 ex
825 3988 1051 4072 Disputatione
1069 3989 1194 4051 Jasonie
1213 3989 1385 4052 Christiani
1407 3997 1436 4052 et
1455 3988 1581 4072 Papisoi
1600 3988 1714 4051 Jadoei

610 4093 653 4157 ab
669 4091 820 4153 Aristone
843 4088 1024 4173 conscripta
1046 4110 1118 4151 oum
1141 4090 1371 4173 deprompsisse
1394 4097 1427 4152 et
1449 4088 1582 4151 ulterius
1604 4087 1713 4151 diluoi-

611 4194 725 4257 dasse?
769 4192 917 4267 Gnsnrns,
941 4213 972 4273 p.
999 4210 1069 4273 132.
1093 4198 1126 4255 ot
1151 4211 1223 4270 240.
1247 4191 1306 4254 vol.
1330 4191 1359 4253 ii.
1384 4190 1542 4274 Spisibqr‘i
1564 4191 1713 4267 Patrem,

612 4295 666 4359 ubi
680 4294 713 4356 in
729 4315 800 4377 pag.
822 4309 890 4373 127.
906 4300 939 4354 et
955 4313 1041 4374 seqq.
1054 4291 1234 4374 fragmenta
1250 4290 1343 4374 hujus
1359 4289 1522 4373 scriptoris
1537 4289 1676 4374 collegit.

655 4396 737 4460 lbid.
761 4395 781 4456 l.
809 4398 855 4456 18.
893 4392 931 4454 ln
963 4392 1045 4455 Filio
1075 4393 1163 4475 leoit]
1199 4392 1239 4453 In
1270 4392 1457 4455 Tertulliani
1488 4391 1569 4453 libro
1599 4399 1713 4454 eontra
