4359 5150
584 434 628 495 co
919 432 1155 516 nnnrourn
1180 431 1350 500 saona.

582 606 649 662 erat
669 598 698 662 ei
719 599 807 682 quasi
820 598 907 681 filia.
951 600 996 663 Et
1018 600 1100 663 omit
1121 598 1220 684 lorpes
1241 598 1356 663 domini
1381 597 1484 675 aaa,
1499 606 1528 661 ct
1547 596 1680 682 peporcit

583 708 718 791 conpore
746 708 783 770 de
811 729 898 793 prope
926 707 1115 774 scinderem
1141 729 1276 787 scamna
1307 719 1335 774 et
1363 709 1401 773 de
1433 705 1574 794 preqibm
1602 706 1682 771 loma

582 819 877 902 adamassem
897 819 1029 905 lospdi:
1052 820 1382 906 etaecepitooioalom
1403 819 1683 904 oiripasqreriaet

582 929 724 1013 apposnit
746 929 812 992 aire
837 930 892 1013 qai
916 939 1037 993 emerui
1061 930 1107 993 nd
1130 952 1205 993 etna.
1250 931 1360 993 Iratus
1383 938 1426 993 est
1449 937 1553 993 asim
1577 925 1685 992 Dauid

581 1058 673 1122 caper
683 1038 830 1101 hominem
843 1038 932 1101 illam
947 1038 1044 1116 calle,
1061 1049 1090 1102 et
1104 1038 1185 1102 dicit
1199 1038 1243 1102 ad
1252 1038 1385 1102 Nathan
1396 1065 1406 1101 .·
1428 1037 1511 1100 Vicit
1522 1036 1705 1113 Dmninmt

581 1147 826 1232 quoniamfilins
846 1148 951 1210 mortis
973 1158 1014 1211 est
1034 1147 1117 1211 bomo
1138 1148 1190 1211 ille
1212 1143 1364 1234 qaisecit
1389 1148 1463 1213 tec.-
1485 1156 1514 1211 εἰ
1535 1146 1684 1210 oricolorn

581 1254 1426 1342 reddetqaadruplampreeothdsecitsactrnnloe:
1448 1256 1685 1341 etpmeoquod

581 1385 641 1427 noa
648 1365 788 1449 pepercit
801 1368 947 1449 pauperi.
992 1368 1038 1430 Et
1056 1368 1103 1430 at't
1119 1368 1166 1431 ad
1183 1389 1251 1431 eina
1264 1368 1415 1432 Nathan.-
1442 1367 1490 1430 Ta
1507 1386 1538 1430 oe
1555 1366 1618 1442 oir,
1632 1365 1683 1450 qai

573 1473 680 1555 fecisti
701 1473 777 1544 bom
802 1482 836 1537 et
858 1473 1007 1559 deinceps
1028 1475 1150 1561 reliqua
1171 1477 1365 1562 exsequitur,
1381 1475 1578 1561 exprobrans
1599 1494 1681 1547 eum,

581 1589 615 1645 et
630 1603 819 1645 enumerans
840 1582 874 1644 in
895 1604 967 1647 eum
990 1584 1051 1648 Dei
1074 1586 1236 1662 beneficia,
1253 1594 1287 1651 et
1309 1585 1457 1671 quoniam
1480 1582 1683 1649 exacerbavit
1693 1606 1724 1646 rc

583 1689 765 1768 Dominum,
782 1713 853 1754 enm
876 1691 1001 1757 fecisset
1019 1695 1089 1759 hoo.
1136 1695 1209 1760 Non
1231 1696 1314 1761 enim
1336 1696 1460 1781 placere
1482 1694 1555 1759 Deo
1575 1695 1682 1779 hujua

582 1800 668 1862 modi
691 1800 920 1883 operationem,
941 1804 997 1865 sed
1018 1802 1100 1867 iram
1121 1826 1270 1891 magnam
1291 1804 1454 1879 imminere
1476 1804 1585 1867 domui
1605 1804 1681 1888 ejus.

582 1909 799 1994 (lompunctus
814 1919 864 1974 est
879 1918 989 1974 autem
1001 1912 1106 1976 David
1117 1915 1160 1978 ad
1174 1914 1252 1991 haeo,
1262 1921 1296 1978 et
1310 1914 1375 1978 ait:
1390 1913 1524 1978 Pecoaoi
1532 1912 1679 1984 Doctrina·

582 2027 615 2085 et
630 2019 820 2085 dPsalmum
842 2021 1120 2108 exhomologeseos
1142 2032 1216 2108 post
1235 2022 1402 2108 psallebat,
1424 2023 1599 2086 adventurn
1618 2021 1681 2085 Do

581 2131 658 2195 mini
688 2133 859 2209 sustinens,
885 2134 939 2217 qui
969 2134 1071 2198 abluit
1100 2139 1134 2197 et
1162 2131 1315 2196 emundat
1339 2153 1411 2195 eum
1440 2129 1603 2194 hominem
1629 2129 1722 2215 quita

581 2250 714 2325 peccato
729 2243 833 2306 luerat
853 2243 1035 2308 obstrictus.
1083 2243 1236 2307 Similiter
1249 2250 1357 2307 autem
1377 2249 1410 2307 et
1430 2242 1470 2306 de
1491 2241 1680 2316 Salomone;

581 2373 653 2415 curn
668 2359 886 2436 perseveraret
904 2351 1048 2436 judicare
1066 2362 1153 2417 recte
1172 2360 1206 2417 et
1227 2352 1416 2438 sapientiam
1438 2351 1500 2415 Dei
1521 2373 1681 2430 enarrare,

581 2469 615 2526 ot
636 2469 749 2547 typum
771 2461 837 2525 veri
861 2462 972 2547 templi
996 2462 1188 2539 aedilioabat,
1204 2470 1238 2527 et
1262 2462 1381 2547 glorias
1406 2460 1588 2545 exponebat
1611 2460 1681 2538 Dei,

581 2581 615 2638 et
637 2573 847 2637 adventuram
869 2595 980 2657 paoem
1000 2572 1149 2657 gentibus
1171 2572 1395 2648 annuntiabat,
1415 2579 1448 2636 et
1470 2570 1590 2636 Christi
1613 2593 1683 2655 reg-

580 2704 656 2745 num
671 2683 909 2766 praefigurabat,
925 2690 981 2747 eet
996 2682 1188 2767 loquebatur
1205 2681 1269 2745 tria
1288 2680 1385 2743 millia
1404 2679 1632 2764 parabolarum
1651 2679 1726 2743 in20

581 2791 753 2855 adventum
783 2791 923 2868 Domini,
949 2799 981 2855 et
1011 2792 1149 2877 quinque
1173 2791 1271 2854 millia
1300 2790 1504 2866 canticorum,
1529 2788 1683 2872 hymnum

580 2902 688 2965 dicens
708 2901 787 2978 Deo,
804 2909 837 2965 et
857 2924 928 2965 eam
950 2923 1021 2985 quae
1041 2909 1091 2965 est
1113 2903 1145 2964 in
1167 2901 1348 2965 conditione
1363 2899 1413 2985 (τῇ
1431 2899 1539 2982 κτίσει)
1555 2899 1681 2982 sapien·

579 3012 660 3076 tiam
682 3013 742 3076 Dei
765 3013 944 3097 exponebat
967 3012 1181 3097 physiologice
1202 3034 1242 3075 ex
1265 3009 1350 3074 omni
1372 3009 1466 3094 ligne,
1484 3015 1517 3072 et
1537 3009 1578 3072 de
1596 3009 1683 3072 omni

579 3123 688 3198 herba,
705 3128 738 3186 et
758 3123 797 3186 de
812 3120 991 3186 volatilibus
1013 3121 1169 3198 omnibus,
1186 3130 1220 3185 et
1241 3121 1281 3184 de
1302 3118 1572 3203 quadrupedibus,
1588 3124 1623 3181 et
1643 3118 1683 3180 de

578 3233 738 3318 piscibus;
763 3240 797 3297 et
819 3233 963 3296 dicebat:
989 3231 1049 3295 ‘Si
1071 3253 1136 3294 cere
1157 3232 1250 3307 Dece,
1267 3251 1353 3314 quem
1374 3228 1442 3292 ccli
1463 3249 1522 3291 nort
1544 3229 1681 3312 capiant,
1693 3244 1725 3300 ²5

578 3355 803 3428 superterram
825 3342 973 3407 habitabit
998 3365 1065 3405 cam
1089 3338 1285 3404 horninibus?
1309 3345 1342 3401 et
1366 3337 1513 3422 placebat
1540 3337 1621 3414 Deo,
1649 3346 1683 3404 et

580 3474 688 3516 omnes
710 3475 783 3516 eum
804 3453 1056 3524 admirabantur,
1076 3458 1109 3514 et
1132 3470 1241 3514 omnes
1262 3469 1353 3531 reges
1376 3453 1470 3509 terrae
1494 3447 1683 3530 quaerebant

579 3558 692 3622 faciem
716 3560 793 3641 ejus,
817 3567 853 3623 ut
875 3560 1023 3623 audirent
1046 3558 1235 3644 sapientiam
1257 3557 1335 3642 ejus,
1359 3578 1455 3640 quam
1477 3556 1613 3621 dederat
1637 3557 1682 3620 illi

580 3671 681 3747 Deus,
701 3676 761 3732 sset
785 3669 895 3753 regina
915 3670 1029 3733 Austri
1053 3692 1073 3731 a
1099 3668 1214 3731 linibus
1240 3674 1334 3731 torrae
1359 3666 1506 3731 veniebat
1529 3668 1571 3730 ad
1597 3689 1680 3745 eum,

580 3780 778 3865 sapientiam,
796 3803 866 3863 quae
881 3781 913 3843 in
929 3803 966 3844 eo
984 3789 1065 3854 erat,
1082 3779 1220 3849 scitura;
1245 3798 1340 3861 qnam
1361 3783 1395 3840 et
1414 3775 1571 3839 Dominus
1585 3778 1634 3841 ait
1649 3777 1681 3840 in
1690 3805 1728 3862 30

575 3889 696 3975 judicio
719 3898 968 3955 resurrecturam
992 3911 1064 3954 cum
1090 3913 1199 3955 eorum
1225 3888 1354 3952 natione
1378 3888 1431 3973 qui
1457 3887 1594 3952 audiunt
1616 3910 1682 3951 ser·

580 4022 688 4063 mones
713 4000 790 4083 ejus,
807 4007 840 4064 et
864 4023 927 4063 non
950 4002 1084 4065 eredunt
1110 4002 1142 4065 in
1166 4022 1250 4076 eum,
1271 4007 1305 4062 et
1326 3997 1583 4081 adjudicatarum
1605 4019 1680 4062 eos:

579 4110 727 4194 quoniam
748 4111 801 4174 illa
819 4110 947 4195 quidem
971 4111 1116 4193 subjecta
1139 4118 1188 4174 est
1210 4110 1409 4174 annuntiatae
1433 4109 1598 4193 sapientiae
1622 4132 1681 4194 per

578 4241 703 4283 servum
720 4220 800 4293 Dei;
825 4221 947 4284 bivero
966 4243 1034 4284 eam
1051 4244 1122 4306 quae
1138 4243 1158 4285 a
1173 4220 1257 4283 Filio
1278 4219 1338 4283 Dei
1359 4219 1497 4283 dabatur
1516 4226 1679 4305 contemp·

773 4398 786 4434 d
806 4395 887 4442 Psalm
900 4395 915 4442 l.
928 4396 977 4442 vid.
987 4406 1036 4443 not.
1201 4408 1214 4436 e
1234 4412 1247 4458 3
1260 4397 1321 4460 Reg.
1333 4398 1365 4444 iv.
1379 4411 1417 4458 32.
1430 4413 1479 4458 seq.

773 4477 784 4514 s
804 4489 818 4533 3
834 4476 951 4536 Βες.νὶὶί.
965 4489 1002 4535 27.
1204 4488 1218 4524 t
1237 4478 1298 4526 lllat.
1308 4478 1350 4525 xii.
1363 4492 1402 4537 4²·
