4359 5150
548 466 614 532 406
924 461 1281 531 ANNOTATIONES

548 643 670 706 sotium
684 642 729 706 H.
743 643 785 705 Ε.
801 641 854 706 lib.
869 641 901 707 ii.
915 663 943 705 o.
960 642 990 705 8.
1004 648 1079 726 post
1093 639 1284 704 mentionem
1305 638 1346 701 do
1363 637 1468 702 Murci
1484 637 1631 703 Muttluaei

548 765 609 827 que
625 743 816 827 Ernngeliis,
831 751 851 781 “
870 742 972 806 Luons
986 764 1111 827 quoquo
1124 747 1267 806 motator
1280 740 1383 818 Pauli,
1400 739 1635 825 Evnngulinms

548 852 568 881 “
584 844 687 907 Paulo
711 844 918 927 praediontum
943 843 1060 907 littoris
1084 841 1279 907 mondavit.'’
1322 842 1379 905 An
1404 841 1543 906 forsitan
1566 842 1637 927 ing

547 946 704 1009 mentatio
718 957 828 1008 nostro
842 946 947 1008 diooro
962 945 1054 1020 idom,
1070 966 1160 1007 mons
1174 944 1254 1008 fuit:
1278 943 1400 1007 Luonm
1420 943 1573 1007 nimirum
1591 964 1638 1007 suo

546 1046 673 1109 nomino
698 1046 872 1128 pnediootu
888 1067 909 1110 o
933 1046 1044 1118 Paulo,
1068 1052 1143 1109 uoto
1164 1044 1365 1129 Euangeliou,
1385 1045 1562 1109 moundum
1583 1043 1638 1129 opi

547 1147 674 1210 nionem
693 1144 925 1229 plerorumque,
944 1168 972 1209 o.
987 1168 1021 1231 g.
1040 1146 1163 1222 leonini,
1180 1146 1213 1209 in
1232 1146 1368 1209 formum
1386 1145 1472 1210 huno
1492 1146 1638 1230 uomodo

546 1248 644 1310 sisso!
687 1246 849 1309 Modicum
873 1246 992 1311 Lunum
1016 1247 1140 1331 antiqui
1166 1246 1284 1331 possim
1306 1246 1490 1331 prodidero,
1509 1243 1639 1309 nonnulli

546 1368 672 1430 quoquo
693 1346 866 1429 pictorem3
889 1346 1041 1411 Callistus
1054 1347 1183 1411 domum
1198 1346 1396 1433 Niosphorns
1413 1346 1462 1426 (in
1483 1345 1637 1409 Bmvinrio

547 1446 636 1508 Hist.
652 1446 706 1509 lib.
721 1446 752 1508 ii.
769 1469 838 1530 onp.
856 1448 928 1531 45.)
954 1456 1067 1512 nnrrnt
1088 1449 1131 1512 do
1155 1448 1209 1512 illo
1234 1446 1481 1531 quamplurimo
1525 1445 1639 1510 Vorun

537 1547 624 1629 juris
639 1569 764 1630 quoquo
781 1548 957 1625 studiosum,
973 1570 1117 1634 eumque,
1133 1556 1170 1613 ut
1190 1548 1298 1626 talem,
1312 1569 1333 1611 a
1348 1547 1454 1611 Paulo
1473 1548 1536 1611 sibi
1555 1545 1638 1611 oomi

546 1657 613 1711 tom
627 1649 823 1731 adjunctum,
839 1657 876 1713 ut
889 1650 1031 1714 adducto
1044 1649 1215 1732 fragmenti
1230 1650 1299 1713 looo
1312 1648 1443 1725 dieitur,
1460 1649 1549 1712 haud
1563 1647 1637 1712 ullni

455 1750 459 1753 ’
545 1749 684 1811 locorum
699 1750 811 1834 legisse
825 1771 885 1826 mo,
901 1750 1039 1814 memini.
1085 1750 1212 1815 Foosrit
1230 1749 1291 1813 hoo
1310 1749 1394 1814 forto
1409 1749 1592 1833 Apostolus
1607 1769 1636 1813 so

545 1848 618 1925 tino,
634 1856 671 1913 ut
682 1850 908 1934 junsoonsulto
923 1851 1020 1926 socio,
1034 1851 1207 1915 iuoiliorom
1221 1850 1282 1914 sibi
1297 1849 1363 1913 sivo
1382 1849 1426 1913 ud
1448 1850 1565 1915 dootos
1582 1850 1635 1914 sin

545 1950 753 2033 magistratus
766 1952 950 2035 disponeret
964 1974 1134 2017 noeossum.
1180 1951 1322 2015 Maximo
1336 1957 1459 2029 autom,
1476 1952 1551 2036 quis
1564 1950 1635 2016 vooii

544 2051 674 2123 ndditae,
689 2052 858 2128 noandum,
870 2053 1026 2137 genuinus
1040 2076 1150 2117 sensus
1165 2053 1219 2127 sit,
1231 2053 1376 2115 divinutu
1390 2052 1541 2117 arduum.
1579 2054 1635 2116 Au·

545 2172 585 2213 no
599 2150 694 2226 idem,
709 2173 757 2227 no,
772 2154 900 2236 repetito
919 2154 1010 2217 visor
1032 2163 1102 2219 tum
1125 2154 1284 2219 obtineret
1307 2153 1375 2217 haeu
1398 2153 1633 2239 interpretatio;

544 2257 714 2335 postquam
725 2274 796 2315 oum
810 2254 937 2331 Paulus,
946 2256 1082 2332 mundo,
1091 2256 1151 2319 sibi
1162 2262 1199 2319 ut
1206 2253 1470 2339 jurisoonsultum
1483 2254 1635 2330 neuun

543 2351 631 2414 illum
646 2353 705 2416 hoo
721 2353 927 2439 Evangelium
938 2356 1109 2441 soripsisse.
1143 2357 1199 2420 An
1214 2377 1287 2420 vero
1302 2356 1500 2440 praeoodonu,
1510 2356 1560 2420 vol
1574 2356 1635 2420 sut

543 2476 678 2536 sequens
697 2455 779 2519 huno
793 2457 945 2534 voourlnm,
961 2459 1064 2523 uitem
1082 2460 1228 2544 quaedum
1247 2456 1474 2521 desideraturi
1518 2456 1560 2520 Id
1577 2457 1634 2521 ion

542 2556 683 2620 arbitror
699 2557 877 2641 proximum
892 2559 1053 2624 veuitutiss’
1076 2559 1158 2625 Haeo
1172 2559 1404 2622 anuoutuun.
1453 2556 1634 2642 inquinatis

544 2658 640 2719 simus
656 2665 705 2721 ost
720 2659 816 2734 locus,
832 2661 888 2722 sod
902 2661 1038 2725 fortasse
1057 2662 1104 2725 itn
1123 2661 1359 2745 repurgandum
1386 2681 1459 2723 oum
1477 2682 1547 2723 enm
1563 2661 1634 2723 Pau·

544 2761 592 2820 lus
607 2761 695 2842 quasi
711 2770 736 2821 ei
747 2761 828 2843 juris
846 2763 909 2843 (καὶ
925 2767 975 2823 τοῦ
987 2766 1112 2839 δικαίου)
1130 2763 1305 2825 studiosum
1315 2783 1412 2823 secum
1425 2761 1633 2831 adsumsisset

543 2862 659 2921 nurnine
674 2884 730 2922 suo
746 2884 784 2923 ex
803 2863 908 2924 ordine
926 2868 1062 2942 (καθεξῆς
1077 2890 1126 2924 σοι
1148 2863 1264 2942 γράψαι
1284 2862 1350 2944 ipso
1367 2862 1442 2924 Lus.
1460 2862 1479 2923 i.
1497 2883 1529 2946 3.
1545 2884 1580 2924 en
1597 2882 1634 2923 er-

543 2962 615 3022 dine
630 2961 685 3023 tibi
704 2962 829 3024 seribere
845 2963 971 3047 l'ulgnt.
991 2965 1113 3046 Interp.
1130 2964 1191 3025 vid.
1208 2973 1241 3026 ot
1265 2963 1357 3036 infru,
1372 2962 1426 3024 ubi
1454 2963 1495 3025 do
1517 2962 1634 3025 Jonnno

544 3063 611 3124 inec
621 3071 706 3136 sunt,
715 3064 888 3146 scriptorem
900 3087 933 3126 so
945 3066 1076 3127 omniurn
1088 3065 1275 3127 nn'rntilinrn
1283 3065 1412 3126 Domini
1421 3086 1480 3147 por
1490 3065 1633 3135 ordinem,

537 3163 706 3247 puniretur.
721 3187 751 3245 p.
765 3187 796 3241 4.
809 3165 830 3227 1.
847 3167 910 3242 11.)
922 3167 1105 3248 corneripsit
1144 3165 1350 3249 Evangelium
1366 3165 1493 3248 quidem
1509 3187 1531 3228 n
1543 3164 1634 3227 Paulo

543 3265 750 3347 pnutliontuuu
768 3265 886 3327 Lucum
902 3273 1093 3329 sectatorem
1112 3267 1179 3350 ojus
1199 3267 1298 3329 literis
1317 3267 1496 3342 mandasse,
1514 3266 1634 3329 multis

543 3371 700 3431 veteribus
716 3371 926 3444 tradiderunt,
943 3377 979 3432 ut
996 3371 1135 3433 lrenaeus
1151 3371 1203 3432 lib.
1215 3370 1257 3432 iii.
1275 3371 1388 3432 Contra
1400 3371 1517 3433 Hoeres.
1531 3393 1597 3454 cap.
1612 3390 1632 3431 1.

543 3470 706 3553 Origenes,
724 3472 888 3547 Eusebius,
907 3472 1191 3555 Hieronymusquo.
1237 3472 1323 3534 Nan
1341 3480 1369 3533 et
1383 3472 1477 3533 Lnuae
1497 3471 1634 3555 dincotnn

542 3572 646 3632 Panlo
661 3572 828 3635 adscribere
842 3573 941 3647 solent,
955 3573 1001 3636 nit
1014 3574 1231 3636 Tertullianus
1246 3574 1316 3635 adr.
1329 3574 1484 3636 Marcion.
1496 3596 1528 3652 4.
1541 3594 1571 3657 5.
1582 3575 1633 3635 hon

542 3673 622 3734 beno
646 3674 765 3748 addim,
792 3674 998 3757 reznneinnrnrn
1024 3676 1125 3737 uideri
1142 3697 1236 3758 posse,
1252 3697 1319 3757 qncn
1341 3675 1487 3757 dioninsii
1504 3674 1634 3758 promni-

538 3775 653 3854 nnrint.
701 3776 756 3836 Ad
771 3776 867 3837 verba
882 3786 988 3839 autom
1005 3776 1057 3838 illa
1073 3777 1156 3859 quod
1178 3777 1304 3851 attinet,
1322 3786 1349 3838 et
1355 3776 1443 3857 juris
1461 3777 1632 3849 studiosum,

541 3874 611 3935 vide
627 3897 731 3935 armon
748 3877 875 3938 collatio
890 3879 1035 3959 quaednm
1051 3878 1101 3940 hio
1116 3878 1273 3941 habentur
1284 3878 1365 3961 juris
1380 3878 1568 3960 prudentiae,
1585 3895 1633 3940 seu

541 3975 679 4037 scientim
698 3980 779 4058 aequi
796 3978 943 4062 bonique,
959 4001 1029 4041 oum
1044 3988 1115 4042 arto
1136 3980 1268 4053 modion,
1286 4000 1380 4061 quom
1397 3978 1514 4053 Luons,
1531 3987 1567 4042 ut
1580 3987 1634 4041 tes-

541 4081 630 4135 tatur
657 4076 688 4136 S.
707 4077 834 4153 Paulus,
860 4081 1019 4162 professus
1041 4088 1101 4142 est.
1147 4081 1241 4143 Certo
1264 4082 1304 4143 nd
1330 4080 1552 4164 integritatem
1574 4100 1634 4141 ven

541 4176 652 4236 borum
665 4177 751 4257 juris
772 4180 936 4242 oieediosnrn
963 4181 1212 4243 confirmandum
1239 4182 1315 4244 inuit
1340 4181 1530 4264 principium
1557 4181 1633 4243 011111·

540 4279 684 4338 neennrrii
703 4281 817 4341 Rerum
833 4283 927 4343 Leon
947 4304 967 4343 n
992 4281 1182 4344 Combofisio
1207 4282 1239 4344 in
1255 4282 1407 4343 ⁴tecetnrio
1429 4304 1488 4344 suo
1503 4284 1633 4345 Patrnm

541 4377 675 4459 primum
699 4380 785 4442 editi.
808 4404 837 4463 p.
859 4401 933 4464 513.
980 4386 1016 4444 Ei
1040 4385 1087 4444 καὶ
1112 4386 1220 4464 δικαίῳ,
1245 4383 1292 4444 nit
1315 4382 1357 4444 ibi
1386 4382 1632 4467 Motnphrnstoe,

538 4480 635 4555 μνήμη
659 4484 734 4556 (cor.
751 4482 880 4562 μνήμην)
896 4483 958 4560 μετ’
979 4487 1130 4562 ἐγκωμίων
1152 4490 1313 4555 τελεῖσθαι,
1332 4486 1412 4548 θεῖός
1432 4510 1477 4550 τις
1497 4486 1572 4563 ἀνὴρ
1591 4480 1631 4544 καὶ
