4359 5150
635 369 719 442 xxii
1012 366 1312 439 PRAEFATIO.
1375 424 1376 427 ,

636 568 845 648 Arnobius
868 569 921 647 de
955 566 1219 674 corruptione
1248 565 1508 671 scriptorum,
1531 562 1685 671 quibus

635 702 832 782 mandata
843 713 962 781 erant
976 729 1215 809 praeconum
1232 696 1433 805 evangelii
1446 710 1572 804 gesta,
1584 724 1687 806 que-

635 846 724 915 stus
739 835 1188 944 fuit—-interpolata
1204 845 1316 931 sunt,
1329 832 1477 941 inquit,
1489 833 1687 939 quadam,

634 968 832 1062 ctaddita‚
843 970 999 1077 partim
1019 982 1186 1064 mutata,
1200 982 1318 1075 atque
1332 968 1520 1061 detracta,
1542 968 1688 1062 verbis,

634 1102 812 1212 syllabis,
851 1104 993 1199 literis,
1026 1117 1072 1183 at
1107 1116 1146 1183 et
1175 1102 1442 1211 prudentiam
1474 1102 1688 1183 tardarent

624 1239 765 1345 fidem,
782 1252 822 1319 et
833 1253 1045 1346 gestorum
1065 1251 1369 1346 corrumperent
1390 1237 1683 1317 auctoritatem.

636 1376 847 1477 Adversas
870 1376 1029 1468 Gentes
1050 1372 1120 1452 lib.
1141 1372 1170 1451 l.
1195 1400 1281 1481 cap.
1301 1375 1366 1452 56.
1428 1372 1550 1453 Adde
1569 1372 1687 1480 quod

639 1507 884 1590 Eusebianae
919 1508 1210 1612 martyriorum
1245 1520 1432 1588 veterum
1471 1510 1689 1607 συναγωγῆς

631 1647 838 1751 jacturam
867 1642 1018 1749 partim
1048 1643 1231 1723 fecimus,
1289 1643 1415 1724 Gravi
1441 1656 1580 1723 tamen
1607 1642 1689 1723 ista

636 1803 809 1857 censura
847 1776 1083 1856 eximantur
1128 1775 1331 1858 nonnulla
1374 1788 1465 1858 acta
1510 1788 1687 1885 oportet.

638 1911 761 1991 Unde
780 1938 867 1991 sese
895 1909 1063 1991 solitum
1090 1938 1177 1992 esse
1206 1910 1479 2018 profitebatur
1506 1909 1689 2017 Scaliger

637 2060 891 2127 commotum
911 2047 1102 2126 recedere
1127 2073 1152 2126 a
1172 2044 1349 2127 lectione
1372 2058 1570 2138 actorum,
1589 2071 1688 2154 quae

636 2179 773 2262 adhuc
797 2182 911 2289 apud
941 2180 1169 2261 Eusebium
1202 2181 1243 2259 in
1273 2178 1559 2262 Ecclesiastica
1588 2179 1691 2259 His-

639 2316 743 2396 toria
771 2330 927 2410 extant,
944 2328 992 2395 ut
1022 2343 1106 2395 non
1135 2313 1313 2423 amplius
1338 2343 1437 2395 suus
1464 2343 1550 2396 esse
1573 2315 1689 2397 vide-

636 2463 790 2532 returc.
853 2451 1093 2531 Istiusmodi
1129 2479 1225 2531 vero
1254 2479 1381 2559 prope
1410 2452 1561 2547 omnia,
1593 2452 1688 2532 ubi-

637 2615 803 2696 cunque
829 2586 907 2667 sita
936 2600 1045 2680 sunt,
1077 2586 1121 2666 in
1153 2588 1269 2668 Actis
1295 2588 1536 2668 Primorarn
1562 2589 1688 2668 Mar-

637 2735 787 2828 tyrum,
805 2750 900 2829 quae
920 2734 1119 2802 vocantur
1139 2722 1296 2803 sincera
1312 2733 1355 2802 et
1374 2720 1535 2817 selecta,
1552 2723 1688 2803 Ruin-

636 2868 751 2934 artus
766 2857 851 2963 jam
874 2853 1050 2961 collegit.
1100 2857 1201 2936 Acta
1222 2855 1392 2962 quidem
1411 2858 1628 2964 Perpetace
1644 2872 1688 2938 et

638 2988 798 3082 Felicis,
818 3014 913 3096 quae
939 2988 1097 3095 primus
1121 2989 1253 3070 edidit
1273 2988 1406 3070 Lucas
1427 2988 1686 3088 HolsteniuS,

637 3124 749 3231 quod
777 3137 819 3205 et
845 3125 976 3206 rarius
1004 3126 1181 3234 repetita
1207 3139 1363 3219 extant,
1386 3139 1430 3205 et
1459 3126 1686 3208 certissime

635 3286 831 3366 germana
868 3275 978 3356 sunt,
1013 3263 1065 3342 ab
1099 3289 1221 3371 opere
1256 3289 1347 3342 meo
1380 3262 1601 3342 amandare
1634 3291 1685 3344 eo

601 3420 604 3425 ·
636 3394 796 3475 diutius
824 3407 1043 3476 cunctatus
1069 3423 1175 3475 sum.
1236 3397 1377 3484 Quum
1405 3424 1502 3477 vero
1525 3396 1638 3478 istaec
1659 3426 1687 3478 a

637 3527 854 3608 collectore
887 3527 1034 3609 saltem
1063 3557 1135 3610 seu
1164 3531 1467 3624 concinnatam,
1494 3531 1566 3637 qui
1597 3531 1685 3639 ipse

636 3674 788 3742 sectam
811 3661 1004 3743 Montani
1025 3667 1285 3773 sequebatur,
1306 3665 1489 3773 prolecta
1504 3693 1590 3746 esse
1607 3667 1684 3747 viri

636 3796 746 3876 docti
769 3825 862 3876 curn
885 3825 1033 3905 magna
1054 3798 1414 3880 verisimilitudine
1437 3799 1685 3895 docuissent,

636 3958 684 4010 ea
698 3958 865 4040 quoque
886 3961 959 4041 pro
975 3934 1169 4014 instituto
1184 3962 1274 4014 meo
1295 3934 1584 4041 praetereunda
1598 3961 1684 4016 esse

631 4065 828 4172 judicavi.
892 4067 972 4149 Sed
1008 4067 1238 4149 Firmiliani
1278 4066 1537 4177 aliorumque
1571 4071 1685 4177 apud

805 4295 819 4332 ⁸
836 4285 1005 4349 Animadv.
1023 4286 1055 4348 in
1070 4287 1202 4350 Eusobii
1220 4288 1380 4363 Chronica,
1397 4310 1427 4372 p.
1440 4289 1513 4350 221.
