4359 5150
601 461 667 522 244
1006 456 1362 523 ANNOTATIONES

603 626 798 710 Apostolicor.
812 647 843 709 p.
861 646 913 707 9¹·
931 648 970 690 ex
987 648 1037 702 eo,
1053 625 1140 710 quod
1155 626 1355 711 Epiphanius
1372 625 1494 691 lxxviii.
1508 646 1559 707 14.
1604 625 1705 690 Sime-

603 747 697 789 onem
717 726 843 810 (lleopae
861 748 921 810 pro
940 726 964 789 J
965 727 1065 791 aooho
1080 749 1188 791 orasse
1202 736 1324 805 narrat,
1341 729 1468 810 (iisdem
1482 748 1577 791 usum
1591 724 1705 798 verbis,

604 827 718 911 quibus
739 827 767 890 is
790 827 984 914 lieohabita)
1003 827 1123 912 colligit
1143 827 1323 892 Simeonem
1346 828 1434 892 illum
1456 827 1707 891 Rechabitamm

604 927 708 990 ordini
724 928 922 1012 adscriptum
942 929 1049 993 fuisse.
1097 929 1219 993 Verum
1234 929 1305 1014 quis
1320 930 1490 1017 praestabit
1503 930 1589 992 huno
1609 927 1708 992 Sime-

605 1049 697 1091 onem
730 1030 951 1095 sacerdotem!
995 1030 1081 1094 Num
1112 1030 1316 1116 Hegesippus
1345 1031 1450 1096 dicere
1477 1030 1579 1093 voluit
1607 1030 1709 1094 ὁσίους

606 1131 744 1208 Essoeos,
759 1139 793 1195 et
814 1132 896 1197 dixit
921 1135 1031 1214 tepeat
1074 1131 1126 1197 De
1152 1132 1271 1197 Essaeis
1294 1140 1382 1197 certe
1408 1131 1543 1197 Suidas:
1566 1130 1709 1194 Ἐσσαῖοι

606 1234 753 1314 ἀπόγονοι
774 1232 923 1312 Ἰοιναὸὰβ
945 1237 1011 1298 υἱοῦ
1031 1233 1148 1317 Ῥηχῖιβ
1174 1238 1227 1297 τοῦ
1251 1235 1375 1299 δικαίου.
1432 1235 1488 1298 lta
1512 1238 1601 1296 recto
1627 1229 1709 1294 hunc

606 1334 710 1398 locum
740 1334 819 1418 legit
848 1334 981 1399 Hieron.
1004 1334 1153 1399 Wolfius.
1181 1337 1363 1399 Flsmcrus.
1424 1334 1553 1399 Samuel
1582 1332 1710 1418 quidem

607 1435 778 1512 Parlrerus,
796 1436 984 1500 Oxoniensis
1006 1436 1082 1500 olim
1101 1436 1279 1522 episcopus,
1294 1437 1329 1501 οὗ
1346 1437 1446 1520 ινχὸν
1464 1434 1552 1515 ἀνὴρ,
1572 1433 1607 1498 in
1629 1433 1709 1496 libro

606 1538 659 1600 De
686 1538 765 1621 [τοι
793 1539 932 1601 Naturae
964 1560 1002 1601 oc
1030 1538 1187 1623 Relipicae
1218 1539 1406 1613 Olnhtirmc,
1435 1536 1546 1621 lingua
1575 1535 1710 1619 Anglica

607 1639 736 1722 scripto,
753 1638 793 1701 P.
805 1639 837 1702 ii.
862 1641 890 1721 ξ.
905 1658 959 1723 32.
981 1662 1013 1723 p.
1024 1656 1101 1724 337.
1146 1639 1306 1725 Scaligero
1328 1638 1523 1725 respondeus
1545 1637 1604 1714 ait,
1624 1637 1709 1701 hnud

609 1741 739 1821 ἀκριβῶς
764 1748 924 1804 servatam
944 1762 1013 1804 esse
1038 1748 1117 1804 tuno
1141 1741 1295 1825 temporis
1316 1741 1382 1804 sive
1407 1740 1622 1814 sacerdotnm,
1646 1738 1709 1803 sire

474 1920 480 1932 Ι
607 1842 867 1916 Rechabitarum,
883 1842 1020 1926 primam
1038 1842 1125 1920 τάξιν
1142 1843 1207 1906 sive
1228 1840 1500 1918 constitutionem,
1513 1840 1655 1905 maxime
1669 1840 1709 1903 ed

607 1946 789 2009 sacerdotes
803 1945 889 2028 quod
903 1944 1032 2020 attinet,
1048 1944 1165 2028 quippe
1180 1966 1252 2008 cum
1268 1944 1312 2008 ab
1333 1942 1475 2007 Herodis
1496 1942 1611 2027 Magni
1632 1950 1709 2006 tem·

607 2047 737 2131 poribus
752 2068 852 2129 usque
872 2046 914 2109 ad
929 2045 983 2109 illa
997 2045 1114 2110 Jacobi
1134 2047 1337 2111 sacerdotum
1356 2044 1458 2108 officia
1477 2044 1520 2107 ad
1540 2044 1709 2108 arbitrium

606 2169 717 2233 regum
739 2155 773 2211 et
795 2146 1018 2231 praefectorum
1041 2147 1153 2211 donari
1176 2146 1422 2211 consuevissent.
1467 2145 1521 2208 An
1543 2166 1622 2208 vero
1643 2144 1709 2207 sine

607 2249 673 2313 ullo
688 2248 868 2312 discrimine
883 2248 1008 2332 generis
1022 2249 1212 2327 tribuumve,
1222 2248 1338 2312 viderit
1352 2247 1414 2311 ille.
1459 2246 1577 2312 Gonier
1587 2250 1661 2309 Act.
1672 2246 1709 2308 ir.

609 2355 640 2414 6.
688 2352 770 2415 Mihi
800 2350 940 2436 quidem,
967 2351 1050 2415 sicut
1074 2351 1139 2415 alia
1169 2351 1316 2435 quaedam
1348 2349 1400 2413 hic
1435 2349 1541 2433 posita
1570 2347 1710 2412 fabulam

609 2450 703 2514 nimis
726 2449 865 2534 sapiunt,
894 2449 941 2512 ita
958 2450 1019 2513 hoc
1035 2450 1075 2514 de
1090 2451 1191 2535 stirpe
1212 2450 1270 2515 viri
1291 2449 1426 2513 videtur.
1470 2447 1633 2512 Oaeterum
1654 2465 1710 2529 pro

609 2553 778 2636 Ῥαχαβεὶμ
791 2550 854 2636 legi
869 2550 902 2614 in
921 2552 1032 2615 Getes.
1048 2552 1094 2616 ed.
1110 2553 1270 2633 Χοραβεὶμ
1284 2551 1408 2616 notavit
1424 2549 1600 2622 StrothiuS,
1617 2556 1651 2613 et
1665 2547 1711 2611 ita

608 2655 722 2739 legisse
738 2675 862 2737 quoque
877 2653 976 2715 videri
991 2653 1039 2717 ait
1054 2654 1262 2737 Stephanum,
1281 2674 1462 2737 quanquam
1477 2651 1561 2715 enim
1576 2651 1710 2714 alteram

609 2756 777 2820 lectionem
792 2755 824 2817 iu
840 2763 930 2817 textu
947 2778 1004 2817 suo
1020 2756 1179 2833 exhibeat,
1193 2764 1301 2819 tamen
1317 2757 1449 2819 eandem
1462 2777 1532 2837 quae
1548 2761 1711 2836 comparet

610 2859 642 2920 in
667 2865 770 2927 textu,
797 2856 828 2917 in
846 2855 950 2918 Variis
976 2856 1182 2920 Lectionibus
1210 2858 1305 2921 MSS.
1330 2879 1458 2920 suorum
1484 2855 1603 2941 posuit,
1628 2853 1710 2937 quod

609 2960 677 3022 fieri
690 2981 752 3020 non
764 2958 931 3041 potuisset,
944 2958 1003 3019 nisi
1016 2958 1152 3021 alteram
1167 2959 1199 3021 iu
1212 2966 1305 3021 textu
1317 2959 1465 3020 exhibere
1481 2956 1710 3019 constituisset.

611 3060 770 3140 Χαραβεὶμ
785 3059 869 3119 codd.
886 3060 958 3143 Rea.
972 3066 1005 3121 et
1021 3061 1130 3121 Paris.
1150 3080 1178 3124 2.
1208 3059 1355 3141 Ῥηχαβὶν
1371 3059 1468 3121 habet
1487 3059 1559 3120 MS.
1572 3055 1710 3138 Norfhlc.

610 3166 662 3223 τοῦ
677 3163 740 3223 υἱοῦ
752 3158 919 3240 Ῥηχαβεὶμ
934 3161 1099 3245 Hopea’ppi
1114 3163 1297 3244 Encolpium
1313 3160 1404 3222 Bodl.
1438 3161 1519 3220 Mox
1536 3159 1641 3236 ἔκραξε
1656 3179 1713 3240 pro

611 3262 712 3340 ἔκραζε
736 3262 835 3323 MSS.
853 3262 942 3324 Bodl.
959 3271 992 3325 et
1008 3264 1102 3346 Norfi
1119 3276 1152 3326 et
1173 3264 1328 3346 Gemmas,
1343 3269 1376 3324 et
1392 3261 1548 3324 referente
1565 3261 1712 3323 Burtono

611 3363 701 3425 codem
720 3372 839 3446 oraque
857 3364 1062 3426 Florentiam.

658 3464 695 3526 P.
712 3481 782 3527 νιν.
799 3464 818 3525 l.
834 3484 862 3526 ι.
883 3468 1057 3538 Παύσασθε,
1074 3469 1104 3527 τί
1118 3468 1243 3546 ποιεῖτε]
1263 3464 1460 3547 Epiphanius
1475 3464 1506 3524 in
1524 3462 1650 3524 Haeresi
1662 3464 1711 3543 78.

613 3587 676 3629 non
696 3588 716 3627 a
731 3566 909 3629 Rechabita
929 3569 1093 3631 sacerdote
1116 3568 1183 3630 haec
1206 3568 1293 3629 dicta
1313 3589 1381 3628 csse
1401 3565 1520 3637 scribit,
1538 3564 1593 3625 sed
1615 3586 1635 3626 a
1657 3564 1712 3647 Sy-

614 3690 725 3730 meono
750 3668 859 3751 Clopae
888 3669 964 3742 filio,
993 3670 1045 3751 qui
1072 3668 1186 3731 Jacobi
1211 3668 1292 3752 justi
1322 3668 1422 3729 srator
1448 3665 1603 3750 patruelis
1633 3675 1711 3728 erat.

615 3774 780 3834 Vxnssrus.
815 3771 886 3832 Vid.
915 3780 981 3834 not.
1010 3771 1153 3855 proxime
1178 3780 1253 3834 anto
1279 3770 1427 3853 positam.
1477 3768 1568 3830 Idem
1597 3767 1649 3830 hic
1679 3768 1711 3829 S.

615 3876 637 3937 J
640 3874 769 3949 acobus,
782 3873 829 3935 rel
840 3873 906 3955 ipse
922 3874 969 3935 vel
984 3873 1046 3935 alio
1056 3874 1192 3937 sortasse
1208 3871 1372 3934 vetustiori
1392 3870 1547 3952 scriptore
1562 3869 1711 3940 adducto,

615 3984 727 4039 contra
742 3975 910 4058 populares
931 3996 1012 4047 suos,
1030 3976 1081 4055 qui
1099 3974 1260 4037 Christum
1275 3972 1443 4054 justosque
1459 3969 1602 4031 homines
1618 3976 1713 4031 antea

615 4078 759 4140 similiter
781 4076 1027 4149 trucidaverant,
1045 4075 1076 4137 in
1100 4074 1234 4157 epistola
1254 4095 1312 4134 sua
1332 4073 1378 4134 ita
1402 4071 1569 4144 exclamat,
1587 4075 1712 4132 Κατεδι·

617 4181 738 4254 κάσατε,
754 4181 938 4257 ἐφονεύσατε
960 4179 1012 4239 τὸν
1028 4180 1148 4239 δίκαιον·
1176 4177 1227 4236 οὐκ
1251 4174 1461 4236 ἀντιτάσσεται
1483 4174 1561 4250 ὑμῖν.
1606 4169 1713 4234 Jacchi

615 4283 675 4366 Ep.
692 4304 718 4342 v.
736 4283 766 4343 6.
813 4281 894 4341 Mox
908 4281 981 4358 ὑπὲρ
996 4280 1076 4355 ἡμῶν
1093 4279 1166 4339 MS.
1183 4277 1272 4338 Bodl.
1291 4275 1418 4358 Niceph.
1439 4275 1653 4357 Georgiiasqae.

660 4382 741 4444 Ibid.
766 4382 784 4442 l.
801 4401 831 4463 3.
857 4382 963 4456 λαβὼν
986 4382 1028 4444 τὶς
1051 4378 1099 4440 ἀπ’
1118 4380 1213 4440 αὐτῶν
1237 4380 1278 4441 εἶς
1301 4382 1359 4437 τῶν
1384 4375 1522 4454 κναφέων
1549 4376 1582 4437 τὸ
1607 4376 1709 4455 ξύλον]

617 4484 697 4547 Herc
713 4484 809 4546 verba
824 4482 946 4543 duobus
963 4480 1064 4542 modis
1083 4478 1223 4542 construi
1240 4486 1391 4560 possunt:
1417 4497 1529 4558 nempe
1545 4476 1605 4538 hoc
1622 4477 1711 4538 modo
