4359 5150
611 456 673 521 172
973 455 1356 520 ANNOTATIONES

662 607 745 671 lbid.
761 607 781 669 l.
805 609 851 671 ¹6.
875 609 923 670 καὶ
938 608 1012 687 πρὸς
1027 605 1189 673 Ἰουδαίους
1209 612 1327 686 πρῶτον
1350 609 1399 670 καὶ
1416 607 1570 692 δεύτερον]
1593 608 1722 671 Absunt

620 709 689 773 haeo
714 730 734 772 a
760 708 878 772 nostris
901 707 1062 772 codicibus
1086 708 1170 771 Mac.
1191 708 1279 771 Med.
1299 715 1334 773 et
1358 708 1477 774 Fuket.
1533 710 1598 774 Sed
1624 730 1724 793 neque

620 810 754 874 Rufinus
771 832 810 873 ea
832 811 865 871 in
884 808 1118 894 exemplaribus
1138 809 1203 872 suis
1219 808 1354 894 legerat,
1375 817 1413 875 ut
1433 832 1473 874 ex
1494 811 1640 875 versione
1658 811 1725 894 ejus

618 919 772 996 apparet:
795 912 852 974 sed
869 932 926 974 nec
943 910 1158 993 Hieronymus
1174 910 1205 972 in
1220 911 1303 974 libro
1318 911 1358 974 de
1379 912 1598 996 Soriptoribus
1614 912 1725 975 Eccle-

619 1013 767 1088 siasticis,
792 1013 846 1075 ubi
871 1034 981 1076 omnes
1006 1012 1203 1096 Apollinaris
1226 1012 1325 1077 libros
1350 1022 1503 1092 recenset,
1533 1014 1631 1099 hujus
1656 1013 1726 1076 libri

620 1127 732 1178 contra
760 1114 895 1177 Judaeos
926 1113 1118 1176 mentionem
1148 1114 1235 1179 facit.
1291 1115 1490 1199 Nicephoms
1517 1132 1630 1180 tamen
1659 1115 1728 1198 ejus

620 1216 727 1301 operis
753 1214 906 1278 meminit.
931 1213 1095 1278 Vrumrus.
1153 1214 1234 1279 Haec
1256 1217 1355 1280 verba
1380 1239 1401 1281 a
1429 1216 1561 1281 librario
1588 1217 1727 1301 quodam

621 1318 754 1380 moleste
777 1316 886 1380 sedulo
910 1315 1023 1378 addita
1046 1324 1194 1399 putarem
1219 1326 1317 1401 atque
1341 1318 1470 1382 exulare
1486 1319 1645 1403 juberem,
1669 1318 1728 1381 nisi

622 1419 690 1482 fieri
705 1439 831 1502 quoque
845 1416 1012 1502 potuisset,
1026 1424 1063 1480 ut
1078 1438 1186 1480 errore
1201 1418 1286 1483 circa
1300 1419 1550 1484 homoeoteleuta
1564 1420 1728 1483 omittere-

622 1530 686 1585 tur.
711 1520 844 1583 Srrcrn.
892 1516 1009 1581 Codices
1024 1518 1116 1602 chia‘
1130 1518 1299 1582 lectionem
1314 1520 1422 1584 firmat
1436 1527 1556 1605 praeter
1571 1520 1729 1604 Nicepho-

622 1644 693 1685 rum
713 1622 789 1684 Ma
812 1621 939 1704 quidem
962 1619 1103 1703 Norsok.
1127 1641 1191 1682 nou
1222 1620 1321 1682 Codes
1342 1622 1441 1685 Βαάλ.
1466 1621 1531 1685 sive
1552 1622 1646 1685 Bodl.
1668 1621 1728 1685 etsi

625 1723 789 1787 Strothius
820 1728 954 1806 propter
984 1720 1104 1783 Valesii
1135 1720 1296 1784 silentium
1327 1743 1409 1784 rem·
1423 1722 1518 1786 aliter
1546 1744 1581 1786 so
1610 1723 1729 1787 habore

623 1829 781 1909 putasset.
821 1822 934 1885 Addas
955 1842 1047 1892 uuna,
1063 1822 1221 1885 referente
1238 1823 1394 1898 Burtono,
1412 1824 1545 1887 Mssa
1565 1825 1730 1888 Par-isiaco

624 1934 658 1989 et
681 1923 882 1988 Florentiam.
929 1921 1091 1986 Caeterum
1114 1929 1252 2006 utroque
1280 1922 1350 1986 loco
1381 1929 1496 2004 πρῶτος
1520 1925 1569 1987 καὶ
1593 1927 1729 2005 δεύτερος

624 2027 715 2090 codes
730 2026 828 2089 habet
843 2024 982 2107 Norfolc.

671 2125 754 2188 lbid.
771 2124 790 2186 l.
811 2142 859 2206 17.
875 2121 938 2202 μετ’
949 2125 984 2185 οὐ
996 2124 1094 2185 πολὺν
1106 2125 1381 2206 salamandram]
1420 2123 1730 2208 christophorsonus

625 2226 731 2297 vertit,
758 2225 832 2303 aaa
846 2246 904 2287 aare
919 2224 1011 2286 malta
1019 2232 1088 2306 post
1103 2232 1230 2307 tempore
1243 2224 1280 2286 dc
1294 2225 1409 2308 iatcpro
1423 2234 1576 2287 renouata.
1623 2224 1727 2294 Quam

626 2324 925 2409 interpretationem
938 2324 1073 2407 probare
1085 2344 1148 2385 non
1158 2345 1285 2407 possum
1317 2325 1447 2408 langas
1456 2347 1531 2388 vero
1542 2324 1729 2410 (Nicephon'

624 2427 782 2511 interpres
792 2426 979 2508 Latinus)et
991 2423 1156 2487 Musonius
1167 2425 1233 2487 fere
1242 2425 1376 2487 eundem
1386 2446 1512 2487 sensum
1523 2427 1621 2489 ambo
1631 2426 1730 2490 secuti

625 2535 710 2590 sunt,
756 2526 809 2590 Sic
824 2524 908 2588 enim
925 2524 1070 2608 Laugus:
1096 2525 1141 2587 Et
1154 2546 1222 2609 qaae
1229 2534 1382 2609 praetcrea
1394 2525 1556 2589 adversam
1571 2527 1730 2612 Plcypum

625 2628 767 2691 haerceim
790 2627 958 2709 omapoeaia
983 2646 1051 2708 qaoe
1073 2646 1132 2687 aaa
1156 2626 1247 2688 malta
1258 2636 1328 2709 post
1342 2648 1389 2687 res
1402 2628 1547 2689 maasia
1562 2629 1730 2691 Ecclesiam

626 2730 760 2791 inducit.
809 2728 972 2790 Musculus
988 2749 1062 2789 vero
1078 2727 1110 2788 in
1127 2728 1210 2789 hunc
1225 2729 1372 2789 modum:
1397 2729 1471 2805 Qaoe
1485 2749 1544 2790 aaa
1559 2730 1654 2792 malta
1662 2740 1731 2813 post

626 2843 754 2913 decarpere
768 2829 934 2891 insolescere
950 2828 1046 2910 capit.
1095 2829 1203 2890 Possis
1224 2828 1321 2891 etiam
1342 2829 1388 2891 ita
1410 2836 1554 2891 vertere:
1582 2830 1659 2906 Qaa
1673 2852 1730 2892 rma

626 2932 717 2994 melleo
726 2940 830 3013 postea
845 2930 979 3011 apertius
987 2927 1147 3010 publicata
1162 2939 1212 2990 cst.
1233 2930 1389 2990 Vanasrus.
1433 2929 1517 2990 Dum
1535 2929 1675 2992 Baronio
1689 2931 1729 2992 ad

628 3055 679 3095 an.
702 3051 769 3113 173.
787 3029 941 3111 duplicem
958 3038 1064 3089 ortum
1082 3029 1356 3091 Montanistarum
1379 3030 1451 3090 hino
1474 3030 1673 3113 excogitanti
1698 3054 1730 3094 se

628 3132 760 3215 opponit
776 3129 996 3191 Tillemontius
1012 3130 1107 3189 illem,
1122 3130 1236 3191 Eccles.
1258 3135 1335 3191 tom.
1353 3130 1383 3191 ii.
1408 3138 1473 3191 not.
1496 3149 1519 3189 1.
1549 3131 1591 3191 ad
1609 3132 1729 3192 Moma-

627 3235 731 3304 aiace,
748 3240 857 3292 mouet
873 3230 915 3291 ibi
933 3230 980 3290 vir
996 3228 1207 3301 doctissimus,
1224 3251 1355 3291 namara
1372 3229 1554 3303 Eusebium,
1568 3230 1730 3312 soeipsisse

628 3345 740 3398 contra
766 3335 957 3395 Montanum
979 3333 1037 3393 sub
1060 3341 1166 3393 ortum
1189 3333 1256 3414 ojus
1274 3332 1502 3414 Apollinarem,
1518 3353 1613 3413 quem
1637 3333 1730 3415 paulo

628 3445 701 3520 post
722 3444 858 3516 tempus,
875 3434 915 3494 de
934 3455 996 3515 quo
1012 3443 1088 3494 tuuc
1112 3432 1230 3514 agebat
1251 3433 1415 3506 Eusebius,
1432 3433 1602 3515 contigisse
1624 3443 1728 3516 putat.

629 3541 792 3599 Verterem
810 3535 915 3617 igitur,
932 3556 999 3616 qaae
1013 3556 1071 3595 aaa
1087 3534 1142 3596 dia
1158 3544 1262 3617 postea
1276 3535 1441 3618 accopitatc
1455 3544 1505 3607 cat,
1522 3545 1594 3595 tuac
1610 3536 1731 3618 quidem

627 3639 717 3721 quasi
732 3636 817 3696 cresci
832 3634 988 3715 vincipiens.

672 3739 708 3799 P.
738 3755 806 3818 152.
833 3735 851 3794 l.
868 3756 898 3816 3.
926 3733 1101 3817 γράμματα]
1138 3733 1285 3796 Valesius
1311 3735 1437 3818 quidem
1467 3743 1538 3817 post
1570 3736 1730 3812 Rufinum,

628 3840 922 3919 Hieronymumquo
940 3835 988 3895 Dc
1011 3833 1096 3895 Viris
1113 3834 1166 3896 Ill.
1191 3857 1258 3917 cap.
1275 3857 1327 3911 41.
1353 3837 1402 3897 Da
1417 3838 1592 3920 Serapione,
1616 3841 1667 3900 ubi
1691 3861 1730 3903 ex

629 3937 766 4001 Eusebio
787 3936 855 3997 haec
873 3934 1059 4006 afferuntur,
1082 3935 1178 3996 vortit
1202 3936 1326 4006 literam·
1354 3938 1409 3998 sed
1427 3939 1560 4001 reddere
1583 3963 1618 4002 se
1640 3941 1730 4002 malle

627 4042 674 4104 ait
689 4040 730 4101 ad
744 4037 870 4098 Hieta.
883 4034 1050 4095 Fabricius
1061 4037 1188 4117 scr-pac,
1203 4059 1297 4118 quam
1313 4038 1431 4100 literas.
1479 4041 1641 4124 Basnagio
1657 4064 1730 4124 quo

627 4164 687 4225 quo
704 4137 820 4200 rlrcaal.
839 4136 1097 4197 Politice-Eccles.
1116 4146 1192 4197 tom.
1210 4135 1240 4199 ii.
1257 4161 1288 4220 p.
1311 4159 1317 4198 ι
1326 4159 1378 4221 5¹·
1395 4161 1457 4200 non
1473 4139 1655 4223 discrepare
1666 4143 1731 4205 haeo

627 4242 784 4323 γράμματα
806 4237 954 4296 videntur
985 4259 1004 4296 a
1035 4237 1123 4298 libris
1144 4245 1257 4299 contra
1273 4239 1503 4322 Cataphrygas,
1526 4264 1581 4303 sou
1605 4244 1731 4306 Monta-

626 4345 737 4412 nistas,
755 4359 888 4420 quorum
906 4336 1050 4398 meminit
1074 4337 1239 4399 Eusebius.
1288 4348 1305 4372 ‘¹
1320 4339 1439 4401 Secus'’
1455 4341 1503 4404 ait
1518 4342 1571 4405 ille
1593 4355 1611 4380 “
1627 4347 1667 4407 do
1685 4344 1732 4406 his

628 4457 646 4481 ‘⁶
664 4463 789 4528 quoque
804 4437 947 4522 epistolis
962 4450 1242 4502 commemorasset
1264 4441 1296 4501 in
1317 4442 1464 4524 catalogo
1483 4465 1618 4526 operum
1636 4447 1729 4533 Apol-
